3256 4822
735 237 948 303 ..66-

296 416 385 475 certa
418 410 499 490 sint,
528 431 601 474 cum
628 406 790 484 Οὸυσσεύς
819 410 881 474 nisi
905 409 1037 476 arbitrio
1060 412 1092 475 in
1115 412 1253 476 formam
1275 411 1392 497 prima·

295 515 376 577 riam
388 508 550 599 ’Odooyiuc
567 535 631 577 non
647 510 821 576 reducatur
835 512 888 595 (cf.
904 512 1047 578 Roscher
1062 515 1145 581 stud.
1161 512 1209 577 IV
1226 513 1287 579 196
1303 513 1395 600 sqq),

296 638 368 680 cum
392 615 477 701 quod
502 637 601 678 unum
623 623 731 695 restat,
754 606 929 690 ἀήθεσσον
952 617 1003 702 (cf.
1020 615 1114 681 Gra*
1135 617 1197 681 653
1220 618 1306 702 not),
1329 639 1394 682 uon

296 741 356 805 pro
378 728 465 783 certo
488 740 529 781 ex
551 718 655 781 forma
676 718 831 805 primaria
853 715 1017 806 dodsop’os
1033 718 1174 783 derivari
1188 721 1299 804 possit,
1320 741 1393 784 cum

297 822 434 908 denique
464 823 499 908 cj
523 829 590 884 tam
618 841 716 905 saepe
746 821 821 885 elidi
843 829 968 885 constet
989 822 1043 906 (cf.
1066 843 1096 907 p.
1118 823 1183 908 43),
1207 844 1265 887 nos
1287 833 1393 888 extru-

299 928 420 991 sionem
448 945 660 988 consonarum
686 925 721 1010 cj
739 944 798 1009 pro
821 933 910 987 certa
932 923 1002 1007 lege
1025 922 1197 1005 habemus,
1226 948 1331 1011 neque
1353 948 1394 991 ex

300 1027 363 1092 bac
396 1048 611 1091 consonarum
644 1027 868 1112 conjunctione
901 1047 921 1091 σ
949 1028 1131 1091 futurorum
1160 1027 1393 1094 verborumJin

296 1130 426 1195 vocales
453 1128 636 1194 cadentium
660 1129 823 1214 explicare
844 1129 996 1209 velimus,
1024 1125 1118 1195 δώσω
1141 1153 1204 1196 non
1227 1153 1268 1195 ex
1290 1133 1393 1219 dormo

296 1234 352 1315 ita,
375 1242 411 1297 ut
422 1236 448 1320 j
467 1232 507 1297 ad
531 1234 707 1320 spirantem
730 1252 751 1298 σ
773 1239 946 1297 attractum
970 1235 1018 1298 sit.
1064 1237 1172 1321 Atque
1195 1235 1275 1300 adeo
1300 1235 1394 1300 nobis

297 1337 385 1402 nulla
418 1335 482 1401 alia
511 1335 683 1421 explicatio
714 1345 878 1430 superest,
912 1358 1008 1423 quam
1038 1359 1120 1423 quae
1150 1339 1217 1424 jam
1248 1338 1289 1402 ab
1318 1336 1393 1403 Ost·

299 1439 398 1503 bolfio
430 1437 461 1522 (l.
484 1437 503 1501 l.
526 1439 602 1525 337)
624 1440 793 1526 proposita
816 1440 872 1504 sit:
902 1438 1012 1504 futura
1033 1438 1204 1504 verborum
1225 1442 1260 1506 in
1282 1462 1394 1506 conso-

247 1621 253 1627 *
299 1565 358 1606 nas
375 1540 587 1605 desinentium
603 1542 723 1627 insigni
739 1566 797 1607 sua
812 1543 1005 1608 formatione
1020 1544 1066 1607 ita
1080 1544 1393 1629 praeponderabant,

298 1653 335 1709 ut
361 1666 397 1722 σ,
426 1666 490 1729 quo
513 1644 732 1727 excellebant,
762 1648 859 1711 etiam
883 1647 995 1710 ceteris
1017 1646 1128 1710 formis
1151 1657 1395 1711 conservaretur

299 1749 380 1834 (sive
402 1748 646 1834 restitueretur).
691 1749 845 1816 Ponimus
866 1749 966 1834 igitur
987 1749 1095 1834 plures
1117 1750 1238 1815 formas
1261 1773 1394 1816 numero

299 1852 474 1915 formarum
504 1851 627 1916 minore
657 1854 792 1918 infectas
822 1877 900 1918 esse.
946 1852 1010 1917 Sed
1041 1852 1122 1916 haec
1154 1853 1324 1939 explicatio
1357 1875 1394 1918 eo

298 1952 444 2032 fulcitur,
477 1955 563 2039 quod
597 1956 709 2020 aoristi
741 1956 914 2020 verborum
944 1956 977 2018 in
1009 1955 1138 2019 vocales
1169 1955 1395 2037 excidentium,

298 2056 384 2143 quod
417 2067 532 2142 postea
565 2058 871 2138 demonstrabimus,
905 2056 992 2123 nullo
1024 2059 1087 2123 alio
1116 2059 1211 2124 modo
1241 2058 1397 2123 illustrari

301 2171 447 2247 possunt.

566 2272 595 2381 a.
640 2313 682 2378 Σ
697 2315 762 2378 nx
788 2316 839 2379 ru
861 2312 1019 2382 usruu
1042 2315 1134 2385 usu.

387 2471 461 2535 Jam
495 2471 644 2535 Froehde
679 2471 732 2557 (K.
762 2472 799 2536 Z.
834 2469 935 2534 XXII
968 2471 1046 2557 263)
1078 2471 1214 2535 verbum
1247 2474 1320 2537 σσίω
1354 2493 1396 2536 ex

303 2578 402 2637 afsto
435 2572 595 2639 derivavit
628 2575 682 2660 (cf.
717 2599 745 2660 p.
778 2576 799 2638 9
833 2575 894 2660 sq.)
928 2581 960 2637 et
991 2573 1085 2659 plura
1120 2575 1268 2662 exempla
1300 2576 1395 2639 huius

303 2677 491 2741 mutationis
513 2677 629 2759 attulit,
653 2677 762 2744 Ascoli
785 2677 885 2763 (studj
907 2677 1024 2756 critici,
1047 2676 1181 2741 deutsch
1203 2701 1266 2742 von
1289 2678 1394 2742 Mern-

303 2778 379 2843 dorl
396 2800 426 2842 u.
442 2778 620 2865 Manggold
642 2804 672 2867 p.
687 2782 750 2846 338
773 2782 833 2866 sq.)
855 2779 991 2843 eandem
1005 2779 1107 2864 legem
1124 2782 1305 2857 constituit;
1336 2804 1394 2846 nos

304 2882 388 2946 hanc
417 2883 677 2948 assimilationem
709 2907 749 2948 ex
771 2883 885 2967 regula
905 2884 1051 2952 accidere
1072 2892 1223 2969 putamus
1247 2887 1288 2947 in
1304 2886 1394 2969 qui‘·

303 2986 479 3050 busdam
510 2986 718 3050 dialectis.
763 2986 854 3067 Quas
878 2986 918 3049 ad
943 2985 1140 3051 definiendas
1163 2986 1317 3051 nonnulla
1340 3010 1395 3052 vo·

304 3088 419 3153 cabula
448 3100 525 3177 apta
555 3098 644 3154 sunt:
675 3111 852 3177 pronomen
883 3090 1044 3153 secundae
1073 3110 1155 3175 pers.
1179 3090 1340 3175 singulare
1362 3099 1395 3155 et

302 3212 417 3256 nomen
441 3193 564 3256 numeri
586 3194 709 3277 quarti:

387 3293 494 3359 Dores
517 3316 626 3359 omnes
647 3296 768 3359 formas
790 3294 988 3382 pronominis
1011 3296 1172 3360 secundae
1194 3318 1278 3381 pers.
1300 3318 1393 3384 pert

302 3398 491 3483 incipientes
512 3397 768 3484 pronuntiabant
789 3398 840 3483 (cf.
864 3397 943 3462 Ahr.
967 3397 1085 3463 11248
1108 3398 1206 3483 sqq.);

388 3500 475 3565 haud
498 3502 590 3564 aliter
611 3500 734 3564 formae
749 3499 922 3567 Boeoticae
938 3522 1063 3587 semper
1078 3524 1097 3565 τ
1111 3499 1268 3585 praebent
1282 3499 1393 3583 (Beer-

303 3626 401 3669 mann
424 3605 508 3673 stud.
529 3603 579 3667 IX
602 3604 673 3684 73);

387 3707 510 3772 formae
532 3706 723 3771 Lesbiorum
745 3709 883 3771 usitatae
906 3707 1056 3772 videntur
1077 3707 1177 3771 fuisse
1198 3703 1276 3769 hae:
1307 3726 1392 3769 nom.

302 3811 352 3889 τύ,
374 3831 447 3894 gen.
470 3812 579 3889 σέθεν,
602 3810 666 3876 dat.
690 3812 744 3874 σοι’
765 3810 847 3894 (sive
869 3817 923 3874 σσῐ
943 3810 981 3872 cf.
1007 3809 1084 3875 Ahr.
1108 3810 1123 3873 Ι
1149 3808 1236 3893 124),
1259 3831 1324 3875 acc.
1347 3803 1392 3872 σέ.

303 3913 396 3993 Quae
419 3922 585 4000 praeterea
608 3913 796 3994 afferuntur,
818 3934 883 3976 non
905 3934 981 3976 vero
1005 3911 1168 3996 leguntur,
1192 3912 1314 3977 formae
1337 3933 1391 3974 en-

303 4015 426 4079 cliticae
448 4017 501 4079 voi
523 4023 555 4078 et
576 4017 628 4097 τέ,
649 4038 712 4080 non
732 4010 888 4097 'magnam
910 4014 1005 4079 fidem
1029 4015 1158 4097 habent,
1181 4024 1213 4078 et
1235 4035 1300 4078 acc.
1324 4015 1392 4100 qui-

303 4117 374 4182 dem
410 4119 471 4182 nisi
504 4118 689 4204 conjectura
721 4116 762 4182 ab
793 4116 983 4183 Hermanno
1015 4119 1070 4205 (cf.
1100 4119 1178 4185 Ahr.
1210 4118 1229 4183 l.
1264 4117 1296 4203 Ι.)
1327 4139 1393 4183 non

300 4223 424 4306 positus
446 4228 510 4300 est,
