3256 4822
674 256 886 347 ..ῃ-

320 427 505 516 πέρυσι(ν),
538 428 605 494 dor.
638 418 756 515 ῃὲρυτι
786 436 836 493 ast
865 426 1022 493 loostivus
1049 424 1192 495 eiusdem
1223 426 1331 512 stirpis

240 552 332 616 quam
354 533 488 620 praebet
510 553 587 597 sssr.
606 545 713 618 parat.

320 635 537 722 Exceptiones
565 636 659 699 huius
690 634 876 699 mutationis
905 654 971 697 non
1001 631 1131 707 desunt3
1165 631 1204 696 ef.
1228 634 1278 699 ἔτι
1300 640 1332 695 et
1437 694 1445 700 .

242 757 316 805 ssuu
336 742 393 821 aa,
415 742 526 824 ἐγκυτί
548 749 579 803 et
600 738 654 804 lat.
677 737 769 812 eritis,
792 736 850 802 sed
873 736 932 800 has
955 734 1127 820 explicare,
1148 733 1236 819 quod
1250 756 1331 819 opus

241 840 456 906 difficillimum
479 841 616 922 videtur,
638 863 703 907 nou
725 840 777 903 hia
800 847 945 909 nostrum
968 847 1023 907 est

325 943 356 1028 li)
379 953 449 1012 tert
471 968 554 1033 pers.
579 966 626 1028 sg.
650 938 719 1022 εἶσι,
742 944 834 1029 φησί,
855 941 914 1023 η’σί
935 940 1016 1026 (dor.
1038 943 1124 1028 φατὶ
1144 940 1227 1025 eat).

325 1046 357 1126 e)
376 1049 508 1137 nomina
528 1047 663 1111 aetionis
684 1046 719 1110 in
741 1066 807 1120 -σις
830 1045 975 1110 cadentis
998 1055 1031 1110 et
1052 1066 1135 1131 quae
1157 1042 1197 1107 de
1219 1043 1258 1109 iis
1278 1043 1332 1107 de·

242 1148 339 1213 dueta
357 1159 441 1216 sunt:
456 1139 566 1234 βάσις,
582 1150 687 1223 θέσις,
704 1151 825 1232 αἵρεσις
839 1156 899 1212 oet.
915 1147 966 1231 (L.
981 1147 1094 1234 Meyer
1108 1146 1142 1217 ΙΙ
1158 1147 1219 1212 327
1236 1149 1331 1232 sqq.)3

242 1255 421 1336 αἱρέσιμος,
449 1251 630 1336 ἁλώσιμος,
650 1250 812 1335 βιώσιμσς
834 1260 893 1318 oet.
916 1249 1005 1334 (ibid.
1029 1251 1088 1315 621
1115 1249 1192 1337 sq,)‚
1211 1252 1333 1333 νεμεσί·

244 1355 358 1440 ζομαι,
389 1355 479 1421 huius
502 1355 703 1420 formationis
725 1353 880 1419 nonnulla
900 1353 1049 1440 exempla
1071 1353 1184 1431 affero,
1206 1361 1335 1438 praetor

243 1480 326 1544 quae
358 1480 471 1525 nomen
502 1459 638 1524 senonis
667 1457 865 1544 respondens
894 1480 960 1523 non
989 1457 1119 1541 legitur:
1154 1455 1354 1539 πλιίσιμος,

242 1552 454 1647 θηρᾶσιμος,
478 1553 693 1645 inamoenum
726 1562 930 1645 θνησιμαῖσς
957 1560 1011 1647 (de
1038 1559 1150 1625 bestiis
1172 1557 1334 1643 mortuis);

243 1666 368 1748 εἰρεσίη,
382 1663 504 1750 (Hom)
518 1665 686 1750 ἐπισχεσίη
696 1663 828 1749 (Hom),
841 1660 1013 1749 εὐεργεσία,
1027 1664 1190 1740 συνθεσίη
1201 1660 1337 1746 (Hom),

243 1763 428 1851 ὑπερβασίη
450 1765 580 1853 (Hom),
602 1767 775 1844 ἐκκλησία;
804 1758 950 1849 γνήσιος.
1383 1758 1384 1763 ’

332 1867 455 1932 Eodem
489 1870 600 1934 suffixo
633 1890 697 1955 quo
731 1870 862 1935 uomina
894 1869 1030 1933 actionis
1062 1867 1240 1953 compluria
1270 1867 1335 1933 alia

244 1969 404 2036 voeabula
425 1966 562 2036 formata
585 1982 668 2050 sunt,
690 1970 776 2058 quod
799 1973 832 2035 in
853 1971 966 2055 fingas
988 1991 1064 2037 ssor.
1082 1992 1148 2035 non
1161 1992 1271 2037 rarum
1286 1979 1337 2034 est

245 2073 298 2159 (ef.
328 2073 472 2139 Lindner
504 2074 522 2139 l.
554 2075 573 2139 l.
606 2076 675 2160 76),
712 2095 846 2160 quorum
878 2095 980 2139 unum
1007 2095 1066 2159 pro
1092 2081 1179 2141 certa
1208 2097 1228 2138 τ
1254 2074 1289 2138 in
1316 2093 1337 2138 σ

244 2185 403 2241 mutatum
422 2177 570 2262 praebet:
591 2172 688 2252 πόσις
695 2177 738 2261 *).
776 2176 924 2258 Quocum
940 2198 981 2242 ox
996 2177 1118 2263 optima
1132 2176 1339 2262 etymologia,

245 2301 330 2366 quae
359 2279 466 2345 adhuc
494 2280 617 2368 prolata
649 2289 698 2349 est
726 2279 768 2344 ad
799 2281 861 2344 hoo
889 2279 1082 2345 vocabulum
1102 2279 1336 2359 illustrandum,

244 2383 353 2449 Fiokii
375 2383 428 2469 (K.
444 2382 482 2450 Z.
499 2381 583 2447 XXI
599 2385 660 2449 462
684 2381 775 2469 sqq),
796 2382 1021 2468 conjungimus
1036 2381 1224 2462 Ποσειδῶν,
1252 2404 1338 2449 aom-

244 2488 373 2572 paravit
394 2488 478 2551 euim
501 2488 551 2551 vir
573 2486 685 2551 doetus
709 2485 867 2550 Vadieum
888 2484 1035 2571 iduspatr‘
1054 2485 1220 2564 „daminus
1236 2484 1337 2550 unda·

244 2594 333 2654 rum“
358 2599 390 2653 et
411 2588 577 2664 contendit
598 2611 708 2655 vocem
730 2587 891 2654 Graecam
912 2610 953 2657 ex
974 2589 1089 2655 iisdem
1112 2588 1265 2675 stirpibus
1289 2610 1338 2653 or·

245 2691 319 2756 dine
341 2713 493 2777 perverso
516 2695 725 2779 compositam
748 2715 837 2774 essa,
860 2693 947 2777 quod-
970 2693 997 2756 si
1019 2692 1190 2780 probatur,
1213 2691 1337 2757 formae

245 2793 454 2860 dialectorum
488 2818 506 2860 e
538 2795 756 2883 compluribus
789 2795 900 2860 formis
933 2796 1095 2882 primariis
1127 2793 1339 2881 explicandae

246 2908 331 2965 sunt.
369 2898 522 2962 Fortasse
545 2907 651 2963 sutem
667 2897 785 2964 rectius
800 2906 961 2982 putamus,
985 2898 1128 2964 Grseoos
1143 2898 1199 2963 illa
1212 2899 1339 2962 ratione

244 3021 361 3064 vocum
384 3002 717 3066 transformandsrum
740 3024 816 3068 usos
839 3025 925 3082 esse,
952 3022 1049 3088 quam
1071 3000 1339 3087 „volksetymolo

245 3102 315 3186 gie“
345 3101 551 3189 appellamus.
597 3103 661 3185 Qui
689 3107 716 3170 si
740 3107 904 3171 notionem
926 3104 1048 3171 domini
1069 3105 1176 3169 inesse
1197 3102 1339 3169 oradide-

244 3215 320 3269 runt
342 3243 382 3251 -—
406 3227 466 3270 neo
488 3206 527 3270 da
549 3206 684 3273 vocibus
707 3204 820 3291 οὶὸάω,
842 3204 945 3292 οἶδμα
965 3210 1109 3293 ‘cogitare
1131 3207 1191 3272 luit
1213 3206 1340 3273 difficile

244 3309 449 3395 —priorem
474 3318 600 3394 partem
630 3310 753 3379 formae
784 3312 873 3377 vocis
894 3307 1010 3393 πόσις,
1038 3332 1262 3398 quameunque
1284 3310 1338 3374 ad·

245 3409 454 3495 hibebebant,
467 3412 532 3477 levi
547 3435 646 3499 opera
662 3414 945 3491 assimulaverunt:
961 3413 1121 3479 Homerus
1135 3414 1235 3498 igitur
1248 3437 1341 3498 prae·

248 3569 450 3578 -m

332 3647 363 3716 ll)
380 3649 404 3700 A
421 3649 546 3718 Benfeyo
562 3650 619 3721 (W.
638 3651 665 3704 H
684 3653 747 3724 166)
766 3655 795 3707 et
807 3652 906 3707 'Fiekio
924 3652 1009 3722 (stud.
1031 3651 1093 3706 VIlI
1110 3651 1175 3722 313)
1191 3652 1246 3705 huo
1262 3653 1342 3710 κάσις

244 3750 354 3803 quoque
379 3734 513 3806 refertur,
540 3736 618 3791 cuius
641 3740 780 3808 propriam
802 3739 1031 3810 signifieationem
1048 3743 1166 3807 uterque
1185 3740 1228 3794 vir
1244 3741 1341 3795 doctus

246 3822 377 3885 ‚,vsnter“
396 3837 453 3876 esse
470 3823 547 3891 dixit,
565 3841 623 3894 qua
639 3825 747 3879 ratione
765 3823 806 3879 vis
823 3826 935 3895 propria
949 3825 1094 3896 compositi
1107 3827 1342 3899 αὑτοκασίγνητοι

243 3908 346 3977 optima
368 3909 540 3979 explanatur.
577 3911 682 3966 Tamen
707 3911 825 3966 formam
850 3912 1012 3981 primariam
1030 3934 1109 3965 κατι·
1128 3911 1212 3968 fuisse
1230 3916 1342 3970 eontan-

242 3995 307 4048 dere
330 4012 385 4050 non
403 3997 543 4052 audemus.
580 3998 683 4063 Quibus
702 3999 817 4054 sortasse
835 3999 1016 4053 merendum
1035 4002 1088 4065 est,
1112 4000 1163 4054 nisi
1182 4003 1270 4071 primo
1288 4003 1342 4073 sig-

243 4080 365 4137 nificatio
388 4084 506 4138 nominis
524 4087 639 4140 sationis
656 4086 764 4154 inerat,
791 4090 906 4155 κίβισις,
930 4087 1009 4142 euius
1027 4089 1131 4142 formae
1151 4087 1342 4159 Hesychianae

244 4169 364 4238 trtissum,
385 4170 511 4242 κῦβεσις,
526 4178 696 4241 (κυβησίσν),
716 4176 824 4241 australe
840 4172 928 4242 (totila
945 4173 964 4226 i.
982 4189 1005 4227 e.
1024 4175 1162 4245 „lum0r“)
1182 4192 1342 4245 compulssu-

245 4254 296 4311 dsa
314 4260 388 4314 sunt.
1192 4256 1196 4269 '
