3256 4822
692 264 904 329 -srr-

516 436 542 489 4.
576 433 724 489 STIRPES
742 433 782 487 IN
801 436 866 486 -ΟΣ
880 431 1074 488 unoculus.

337 538 388 603 De
411 537 472 603 hac
492 539 579 604 omni
594 560 629 602 re
643 538 711 622 egit
725 536 930 622 Brugmanus
945 537 986 601 K.
1002 536 1038 604 Z.
1054 534 1179 618 XXIV,
1194 537 1340 623 inprimis

252 664 305 729 pp.
335 642 375 706 21
408 663 477 728 sqq.
506 651 540 707 et
566 642 609 707 28
640 662 706 727 sqq.
750 640 856 726 Stirps
885 640 1055 724 sigmatica
1080 639 1149 704 sine
1172 637 1270 703 dubio
1291 647 1341 704 est

251 739 326 825 ἠώς,
347 765 431 830 quae
452 744 571 829 linguis
593 746 787 832 comparatis
807 745 885 809 satis
899 743 1115 810 confirmatur.
1160 740 1340 807 Declinatio

198 871 200 876 ·
251 849 364 914 nativa
385 849 582 935 conspicitur
603 849 636 913 in
657 848 770 913 formis
795 846 974 913 Homericis
997 841 1060 927 ἠοῖ,
1082 840 1171 929 ἠοῦς,
1192 840 1249 925 η’ὦ,
1264 844 1339 909 Pin-

251 952 370 1017 daricis
385 944 489 1035 Ἀόος,
511 946 571 1033 ἀῶ,
586 952 767 1017 Atticorum
791 972 857 1017 aco.
881 955 928 1017 tor,
972 949 1068 1014 Unde
1090 947 1256 1014 descendit
1277 947 1340 1033 adj.

251 1051 343 1133 ἠοῖος
359 1054 469 1135 (Hom.
491 1054 512 1118 ὃ
531 1054 619 1138 447),
644 1054 736 1119 euius
751 1054 855 1120 forma
869 1052 979 1118 Attica
994 1061 1043 1117 est
1057 1050 1153 1136 ἑῷος,
1168 1072 1190 1118 ο
1204 1052 1341 1137 denique

251 1159 357 1245 ipsum
381 1157 531 1223 scribitur
544 1159 577 1222 iu
593 1158 769 1244 composito
785 1151 959 1245 ἕως-φόρος
974 1154 1084 1240 (Hom.
1107 1153 1142 1218 Ψ
1152 1155 1238 1240 226),
1254 1154 1340 1242 apud

251 1260 345 1329 Pind.
359 1254 531 1350 ἀοςφόρος
542 1259 794 1346 (lstbm.IV40).
809 1258 874 1326 Sed
883 1258 992 1346 paullo
1000 1260 1139 1323 rariores
1151 1281 1209 1323 eae
1220 1259 1341 1322 formae

253 1376 344 1447 sunt,
374 1367 407 1428 in
441 1363 557 1451 quibus
587 1363 649 1430 hoc
669 1362 804 1429 verbum
831 1363 924 1448 qussi
954 1385 974 1426 a
996 1370 1084 1426 reeta
1105 1360 1160 1424 via
1181 1359 1342 1424 deflexum

252 1468 396 1534 videtur:
434 1468 521 1554 apud
552 1462 646 1532 Hom.
676 1467 884 1533 inveniuntur
912 1463 1027 1543 ἠῶθεν
1056 1464 1098 1549 (e.
1129 1486 1156 1533 c.
1186 1463 1229 1527 H
1255 1464 1342 1549 372),
1368 1518 1369 1523 ,

251 1568 345 1649 ἠῶθι
366 1573 417 1658 (Λ
440 1572 506 1657 50),
527 1571 644 1656 quibus
666 1569 862 1656 respondent
875 1569 1056 1633 Atticorum
1079 1569 1185 1632 ἕωθεν
1206 1576 1239 1631 et
1261 1567 1342 1632 deri-

251 1684 363 1740 vatum
384 1665 542 1750 ἑωθινόςς
566 1674 643 1759 quin
666 1674 763 1739 etism
782 1670 868 1759 apud
882 1673 1008 1736 AttIcos
1024 1671 1127 1735 omnis
1143 1671 1292 1735 formatio
1307 1671 1340 1735 iu

222 1836 225 1843 ,
254 1777 498 1843 declinationem
514 1779 656 1843 Atticam
677 1773 861 1856 secundam,
875 1795 958 1859 quae
973 1773 1099 1857 dicitur,
1116 1775 1197 1838 abiit
1213 1781 1341 1860 praeter

254 1881 483 1958 accusativum,
499 1881 554 1964 qui
570 1902 695 1967 semper
710 1885 750 1945 to
765 1876 914 1943 scribitur
921 1877 1037 1961 (multo
1052 1878 1211 1964 posterius
1226 1877 1343 1960 legitur

252 1977 357 2067 ἠοῦν).
407 1982 536 2046 Deinde
565 1982 664 2047 affero
694 2004 806 2049 vocem
829 1974 946 2061 αἰδώς,
968 1980 1059 2044 cuius
1080 1979 1179 2044 flexui
1201 1978 1341 2064 regulari

252 2084 375 2150 formae
397 2084 602 2150 heteroclitse
623 2108 687 2151 non
704 2094 779 2150 sunt
792 2085 954 2149 immistae
967 2081 1102 2168 (αἰδοῦς,
1118 2083 1217 2162 αἰδοῖ,
1228 2080 1340 2167 οὶὸιῖ),

250 2187 432 2252 derivatum
455 2195 504 2253 est
525 2187 656 2264 αἰδοῖος.
1388 2244 1391 2259 ,

338 2290 428 2356 Inter
450 2299 558 2356 cetera
571 2291 681 2373 verba,
696 2279 780 2378 quae
795 2291 962 2376 Brugman
979 2290 997 2354 l.
1012 2289 1031 2355 l.
1047 2288 1123 2355 huic
1137 2288 1343 2354 declinationi

252 2393 449 2480 subjungere
471 2394 550 2477 vult,
571 2397 715 2460 maxima
735 2393 936 2482 probabilius
951 2402 1000 2457 est
1013 2393 1086 2459 voci
1100 2394 1207 2476 γέλως.
1245 2392 1343 2480 Apud

249 2496 345 2565 Hom.
376 2499 538 2562 invenitur
552 2514 555 2531 ²
569 2497 633 2563 dat.
663 2501 747 2584 γέλῳ
777 2498 813 2583 (ο
841 2497 925 2584 100),
957 2492 1029 2562 acc(
1045 2497 1127 2581 γέλω
1148 2498 1182 2580 (v
1203 2497 1234 2561 8.
1256 2497 1342 2580 340),

252 2599 294 2663 ab
316 2601 435 2665 Atticis
465 2601 620 2666 flectitur:
649 2604 804 2686 γέλωτος,
835 2602 967 2685 γέλωτι,
989 2601 1132 2684 γέλωτα,
1160 2599 1216 2663 sed
1243 2600 1340 2665 etiam

249 2704 362 2787 your,
386 2703 568 2770 derivatum
586 2714 636 2769 est
649 2705 783 2790 γελοῖος,
798 2705 889 2768 cuius
904 2702 1008 2768 forma
1023 2702 1196 2767 Homerica
1211 2701 1343 2769 obvenit

253 2807 300 2890 (B
322 2807 400 2893 215)
423 2808 578 2892 γολοίιος;
600 2828 621 2872 ο
641 2809 740 2891 igitur
760 2807 921 2872 indicatur
943 2807 1129 2870 accusativo
1143 2804 1238 2871 Hom.
1253 2807 1344 2889 γέλω,

250 2907 314 2993 adj.
344 2910 483 2992 γελοῖος,
512 2910 613 2976 verbo
636 2906 741 2995 γελόω
763 2910 830 2996 (vd.
854 2931 953 2995 supra
973 2930 1005 2994 p.
1028 2908 1099 2993 23);
1130 2907 1341 2994 ἀοοίοοο,οἰ

251 3008 365 3091 fallor,
403 3010 484 3076 haec
512 3020 579 3077 toto
609 3012 758 3079 formatio
785 3011 960 3078 versicolor
988 3011 1074 3077 nullo
1103 3011 1199 3076 modo
1227 3010 1341 3076 melius

251 3112 450 3199 explicatur,
480 3135 577 3200 quarn
604 3118 631 3180 si
653 3115 829 3198 credimus,
852 3117 983 3202 stirpem
1007 3116 1207 3200 sigmaticam
1229 3123 1340 3179 nostra

249 3213 321 3301 lege
351 3215 538 3304 phonetioa,
569 3219 610 3283 de
637 3241 702 3306 qua
730 3217 815 3284 hanc
837 3219 1138 3285 commentationem
1160 3218 1340 3299 scribimus,

249 3317 457 3385 obscuratam
474 3328 570 3408 atque
586 3320 740 3388 oblivioni
756 3323 850 3408 quasi
864 3322 1016 3387 baditam
1034 3343 1111 3402 esse,
1127 3330 1163 3385 ut
1173 3320 1338 3407 loquentes

248 3424 513 3511 perspicuitatem
535 3433 739 3513 appeterent3
760 3425 803 3490 ad
826 3427 941 3512 stirpes
959 3428 1058 3510 igitur
1071 3427 1105 3489 in
1121 3449 1141 3490 τ
1157 3423 1338 3489 desinentes

250 3526 310 3591 hoc
324 3527 519 3593 vocabulum
533 3529 713 3615 posteriore
727 3535 872 3616 tempore
886 3530 1052 3594 transiisse
1059 3530 1128 3617 jam
1144 3549 1182 3593 eo
1199 3526 1337 3592 ostendi-

248 3637 311 3712 tur,
325 3631 411 3716 quod
428 3633 463 3697 in
473 3631 593 3716 linguis
604 3631 792 3720 propinquis
803 3654 868 3697 non
881 3631 1012 3697 obvenit
1020 3631 1074 3718 (ci.
1086 3629 1217 3714 Brugm.
1230 3654 1259 3717 p.
1271 3631 1336 3716 29).

281 3782 284 3788 .
332 3734 504 3800 Accedunt
526 3733 687 3800 vocabula
705 3726 792 3821 χρώς
814 3743 846 3800 et
867 3731 971 3822 ἱδρώς,
994 3756 1129 3821 quorum
1143 3733 1266 3799 formae
1280 3755 1339 3821 per

247 3860 268 3901 τ
289 3835 383 3900 fictae
405 3836 493 3925 apud
508 3838 687 3904 Homerum
701 3836 809 3903 nullae
823 3838 1030 3903 inveniuntur
1044 3838 1105 3901 nisi
1120 3836 1199 3901 hae:
1211 3828 1337 3924 χρωτός

247 3941 288 4003 K
304 3937 386 4023 575,
412 3939 527 4027 χρῶτα
557 3960 578 4006 o
613 3941 673 4006 172
695 3940 751 4027 (=
778 3935 867 4026 179),
889 3949 1001 4006 eontra
1022 3940 1209 4026 saepissime
1228 3931 1337 4026 χροός,

243 4046 337 4130 χροΐ,
363 4039 468 4129 χρόα,
499 4043 586 4131 apud
608 4043 784 4108 Pindarum
815 4043 910 4110 semel
931 4047 1008 4130 χροῒ
1028 4043 1132 4127 (Nem.
1159 4042 1241 4110 VIII
1271 4043 1337 4129 53),

246 4147 343 4210 semel
371 4148 474 4232 χρωτί
494 4144 603 4232 (Pytb.
625 4145 641 4209 Ι
666 4146 757 4232 105),
787 4146 884 4212 semel
908 4144 1023 4235 χρῶτα
1044 4145 1169 4229 (Istbm.
1199 4145 1251 4211 III
1280 4147 1336 4230 59)

245 4248 466 4332 ἰονοοίοοιοτ,
484 4248 586 4313 Attici
612 4271 738 4337 semper
760 4249 880 4314 formas
903 4273 923 4314 τ
946 4272 1006 4338 ope
1027 4249 1183 4316 formatas
1205 4249 1337 4333 habent,
