3256 4822
723 304 765 314 -.
809 262 851 331 ης
894 303 936 313 ..

370 429 533 524 διφάσιος,
555 435 734 523 τριφάσιος
755 445 814 500 cet.
830 432 904 499 Joh.
920 435 1067 502 Schmidt
1082 436 1136 524 (K.
1151 437 1187 507 Z.
1201 436 1283 503 XVI
1297 438 1378 523 431)

285 536 332 602 ita
362 536 581 625 comparanda
609 560 680 603 esse
710 538 835 603 censuit
865 558 939 602 cum
967 540 1022 609 let.
1050 540 1207 625 bifarias,
1229 541 1379 629 trifarius

285 648 354 722 oet,
377 648 413 703 ut
438 650 605 725 putemus,
628 640 708 706 haec
730 662 748 705 e
770 639 897 705 Graeca
918 640 1030 726 lingua
1052 641 1243 730 deprompta
1264 654 1376 731 postea

284 741 480 808 rhotacismo
502 745 732 808 transformata
753 765 833 823 cese,
856 764 992 829 quorum
1012 766 1054 808 ex
1073 744 1226 832 analogia
1241 747 1378 834 denique

283 845 480 930 multifarias
494 855 712 911 constructum
728 855 821 912 esset.
853 846 928 928 Qua
947 868 988 911 ex
1004 851 1164 913 sententia
1180 851 1303 916 formae
1314 853 1376 938 pri-

284 949 406 1014 man'ae
436 949 608 1037 διφατιος,
637 973 812 1039 τριφατιος
834 950 1003 1036 ponendae
1026 958 1102 1014 sunt
1124 951 1176 1036 (ef.
1199 946 1379 1041 Καφάτιος

283 1059 412 1137 praeter
437 1052 629 1141 Καφάσιος,
652 1045 861 1144 Περιφήτης,
882 1047 1086 1141 Ἀντιφάτης
1107 1053 1266 1119 Baunack
1295 1053 1379 1121 stud.

282 1154 519 1241 Χ114.116).
976 1183 979 1191 ·

371 1250 579 1342 διπλάσιος,
609 1253 819 1341 τριπλάσιος
850 1268 908 1323 oet.
938 1280 960 1323 a
980 1257 1097 1323 Fiekio
1127 1280 1200 1324 eum
1222 1269 1288 1345 got.
1309 1259 1377 1324 σι’π-

280 1361 397 1445 fnltln,
420 1382 518 1445 germ.
540 1360 682 1445 atei-salt,
705 1360 834 1445 dri-fait
853 1369 1041 1447 comparata
1064 1370 1148 1427 sunt.
1192 1362 1266 1445 Qua
1288 1365 1321 1427 in
1343 1385 1378 1427 re

284 1486 358 1529 cum
382 1463 415 1528 id
439 1463 565 1528 difficile
588 1465 639 1545 sit,
661 1461 747 1549 quod
769 1462 850 1528 haee
869 1463 1030 1530 vocabula
1052 1486 1070 1529 e
1092 1464 1200 1531 Fickii
1220 1468 1380 1531 sententia

287 1577 364 1632 ante
385 1568 515 1652 linguae
531 1566 686 1649 Graecae,
708 1575 745 1629 ut
765 1567 812 1629 ita
836 1565 950 1652 dicam,
973 1568 1072 1632 vitam
1093 1568 1287 1654 peculiarem
1301 1578 1379 1633 nata

282 1692 343 1735 neo
371 1681 480 1735 tamen
502 1669 630 1756 plenam
652 1688 751 1757 passa
773 1670 837 1733 sint
860 1669 1133 1754 assimilationem,
1155 1692 1215 1736 nos
1237 1672 1375 1738 fortasse

285 1776 374 1861 (nam
398 1773 484 1860 quod
507 1795 567 1838 nos
591 1782 704 1837 contra
727 1771 877 1854 diximus,
899 1772 1031 1837 dubium
1054 1783 1161 1860 potest
1182 1772 1300 1860 videri)
1323 1797 1378 1862 ep-

285 1878 476 1966 probatione
508 1877 639 1960 dignam
662 1897 733 1940 esse
752 1877 912 1940 credimus
934 1878 1192 1963 conjunctionem
1216 1898 1288 1942 cum
1310 1878 1378 1945 rad,

283 1985 384 2063 πλατ,
406 2002 490 2067 quae
513 1991 562 2044 est
588 1978 678 2045 verbi
699 1973 838 2045 πλάσσω
853 1981 951 2066 (coni.
968 2001 1067 2064 germ.
1082 1979 1281 2063 „anie-faoi,
1296 1979 1378 2045 drei-

279 2084 401 2170 fasc).
446 2081 510 2147 Sed
540 2103 765 2169 quamcunque
787 2082 1048 2167 explanationem
1069 2083 1323 2173 probaverimus,
1343 2082 1377 2148 id

283 2188 435 2273 expedire
465 2209 529 2251 non
558 2206 749 2272 possumus,
776 2209 833 2249 cur
860 2188 894 2250 in
924 2186 1061 2252 dialecto
1083 2186 1195 2252 ionica
1221 2209 1323 2273 npro
1346 2186 1377 2267 δι,

282 2289 469 2374 (διπλήσιος
497 2288 569 2373 cet.)
591 2288 730 2376 positum
754 2289 795 2352 sit
817 2289 870 2374 (cf,
892 2288 1111 2379 άμφισβητέω
1132 2289 1218 2378 apud
1241 2291 1377 2373 Atticos,

285 2391 373 2480 apud
406 2393 502 2455 lones
532 2400 645 2455 contra
678 2386 920 2481 άμφισβάιέω).
975 2390 1050 2460 Joh.
1077 2391 1223 2458 Schmidt
1252 2390 1310 2478 (Κ
1338 2390 1377 2458 Ζ.

282 2495 364 2562 XVI
386 2496 466 2576 431)
481 2503 583 2581 putat,
605 2490 792 2572 διπλάσιος,
815 2492 987 2573 διπλήσιος
1002 2504 1062 2563 eet.
1077 2494 1120 2559 ad
1135 2494 1255 2561 formas
1270 2496 1376 2582 adjec-

283 2601 430 2665 tivorum
447 2606 483 2660 ut
497 2596 636 2671 *διπλός
652 2605 684 2661 et
698 2590 822 2674 *διπλή
836 2618 907 2660 esse
922 2598 1110 2684 applicatas,
1126 2599 1210 2685 quod
1222 2598 1295 2685 plus
1306 2620 1378 2684 pro·

287 2702 467 2767 habilitatis
486 2701 630 2783 haberet,
646 2701 721 2764 siin
737 2698 873 2764 dialecto
889 2698 1001 2765 Ionica
1015 2701 1119 2766 forma
1134 2703 1278 2766 feminini
1294 2713 1380 2767 esset

282 2805 393 2890 διπλῆ,
405 2807 457 2870 oui
469 2805 574 2871 forma
582 2803 694 2868 Ionica
706 2796 877 2882 διπλήσιος
888 2804 1111 2890 responderem
1124 2804 1283 2870 sedlones
1295 2827 1376 2871 eem-

280 2932 339 2997 per
358 2905 480 2989 διπλόη
505 2908 666 2988 scribunt3
689 2915 857 2993 praeterea
877 2907 957 2972 haec
971 2906 1076 2972 forma
1090 2896 1242 2993 adjectivi
1258 2907 1376 2995 ubique

281 3036 357 3080 rara
371 3022 429 3094 eat,
449 3034 553 3099 neque
570 3032 611 3075 ex
621 3008 683 3074 hac
694 3009 815 3075 formas
826 3010 957 3096 majoris
968 3012 1138 3075 vetustatis
1151 3010 1378 3094 derivaverim3

282 3127 316 3182 et
333 3119 360 3181 si
376 3117 438 3181 hoo
453 3117 572 3196 liceret,
587 3135 670 3200 quae
685 3114 768 3177 ratio
780 3123 865 3177 esset
876 3137 898 3176 α
911 3112 1031 3178 vocalis
1043 3114 1166 3179 formae
1180 3112 1377 3190 dantdotoc?

370 3222 550 3293 θεσπέσιος
565 3219 704 3282 fortasse
720 3238 762 3280 ex
773 3218 1017 3292 διο-σποτιος
1032 3228 1142 3282 natum
1158 3227 1208 3283 est
1218 3219 1377 3307 (cisupra

281 3346 311 3411 p.
334 3323 354 3387 8
376 3315 481 3407 θεάς).

366 3420 538 3499 δισπόσιος
552 3432 585 3487 et
599 3423 767 3488 δισποσιο·
783 3424 816 3487 in
831 3419 1125 3491 δεσποσιο·ναῦτάι
1139 3423 1272 3510 (Myron
1290 3423 1376 3513 apud

281 3530 356 3596 Ath.
379 3553 410 3617 p.
433 3529 494 3593 271
520 3527 561 3612 F)
584 3549 625 3590 ex
648 3526 776 3591 nomine
799 3519 959 3607 δεσπότης
982 3528 1128 3592 derivata
1151 3538 1234 3595 sunt.

368 3627 490 3708 ἱκι’σιος
513 3627 680 3693 descendit
701 3627 743 3693 ab
764 3631 882 3709 ἱκέτης.

368 3728 565 3821 θαυμάσιος
587 3732 724 3796 refertur
746 3731 788 3797 ed
809 3734 940 3821 stirpem
963 3736 1135 3818 θαυμασ.

365 3836 518 3930 χαρΐσιος
540 3836 644 3900 refero
668 3834 711 3899 sd
733 3837 866 3923 stirpem
886 3860 1008 3922 χάρισ,
1028 3837 1120 3901 euius
1136 3836 1225 3902 vocis
1240 3845 1377 3902 tament

281 3943 475 4031 productum
497 3940 674 4026 explanare
696 3941 816 4008 nescio.

369 4041 514 4131 Κρήσιος
537 4042 579 4106 ad
601 4064 716 4107 nomen
739 4041 864 4107 insulae
881 4036 998 4127 Κρήτη
1020 4051 1145 4130 spectat
1164 4042 1216 4128 (ci.
1236 4041 1377 4131 Κρῆσσα

282 4172 324 4216 ex
346 4141 520 4235 Κρητιᾶ).

369 4251 530 4324 ταλάσιος
552 4247 730 4328 „lanificae
753 4249 800 4333 (et
823 4248 969 4313 ιαλασία
985 4247 1206 4333 ‚,lanificium“)
1223 4269 1263 4311 ex
1278 4248 1376 4335 stirpe
