3256 4822
724 267 937 336 ..42-

284 438 387 506 tentia
417 446 493 504 eunt
520 437 721 526 praesentia,
750 447 786 505 ut
815 437 955 526 plurime
975 437 1098 504 illorum
1120 434 1225 501 forme
1247 455 1268 500 a
1287 454 1380 521 prae·

289 541 434 608 sentibue
457 542 584 608 usitatio
600 542 770 629 disjuncte,
793 564 897 629 neque
912 542 952 607 de
968 541 1017 606 his
1031 538 1191 606 Orthosfio
1206 538 1380 620 attention

284 645 338 712 ille
360 647 444 712 enim
467 646 517 712 vir
538 645 652 711 doctus
672 641 802 712 ἀντιάω
816 655 928 711 ιιαιιιιιι
943 648 1016 710 ecce
1027 652 1138 708 censet
1152 664 1194 706 ex
1208 636 1379 725 dottdojo,

285 750 377 814 cuiue
403 749 468 831 rei,
497 749 559 812 etsi
581 758 667 815 recte
689 749 836 836 conjecta
860 748 919 830 nit,
948 746 1070 813 nullum
1093 746 1311 812 testimonium
1330 745 1377 807 in·

286 852 391 918 veniri
420 858 542 939 potest,
571 874 644 918 cum
676 849 803 920 ἀντιιίω
824 861 881 916 eut
901 852 1021 916 rectius
1044 841 1168 917 ἀντιόω
1190 849 1279 935 (ιιαιιι
1301 846 1381 911 hoec

286 953 355 1020 sola
376 954 481 1020 forme
502 964 561 1040 pro'
576 955 683 1021 futuro
698 955 785 1042 apud
800 954 896 1021 Hom.
912 954 1061 1040 hebetur)
1076 953 1238 1040 praesenti
1252 943 1380 1015 ἀντιάω

284 1056 336 1123 vel
358 1051 484 1124 ἀντιόω
506 1059 636 1123 omnino
658 1079 718 1146 per
733 1060 789 1141 nit;
815 1059 891 1144 quin
906 1057 1052 1123 etiamid
1068 1055 1183 1137 obstet,
1204 1052 1290 1140 quod
1305 1051 1380 1117 telio

284 1159 398 1244 forma,
421 1159 527 1246 qualis
548 1162 715 1247 proponite
735 1161 777 1227 eb
797 1160 957 1227 Onthoffio
979 1156 1116 1241 ἀντιάω,
1140 1178 1299 1243 nunquam
1322 1154 1378 1221 ob·

286 1265 381 1330 venit.
425 1261 577 1344 Accedit,
606 1263 892 1349 quodnecundum
913 1262 1061 1329 Curtium
1083 1262 1189 1349 (Οτι.4
1211 1260 1273 1326 611
1298 1260 1379 1346 sqq.)

286 1375 415 1455 praeter
435 1365 556 1431 forman
579 1368 613 1431 in
635 1359 714 1446 -ἀζω
736 1369 923 1456 saepissime
945 1367 1067 1433 formae
1084 1369 1118 1432 in
1133 1360 1198 1433 -ἀω
1212 1364 1379 1428 inveniun-

285 1480 347 1554 tur,
369 1471 415 1535 eie
437 1461 581 1549 ἀντιάζω
604 1480 635 1535 et
657 1463 793 1552 ἀντιάω,
816 1466 952 1558 ἀραάζω
974 1480 1007 1535 et
1022 1466 1181 1554 ἀραῶμαι
1195 1466 1379 1555 (Hermon),

284 1569 412 1651 ἀσκάζω
434 1582 468 1638 et
488 1565 695 1656 αρσσδαιιάω,
716 1570 821 1658 βιάζω
843 1583 876 1639 ct
896 1566 1004 1658 βιάωι
1031 1572 1073 1637 ed
1096 1564 1239 1658 ισρτάζω
1260 1594 1302 1636 ex
1323 1592 1379 1635 no·

286 1678 371 1741 mine
401 1676 500 1759 ισρτή
520 1674 653 1741 verbum
678 1680 803 1762 ιορταω
824 1686 931 1763 potent
952 1677 1067 1763 conjici
1089 1686 1148 1741 cet.
1194 1674 1381 1740 Conceden-

286 1778 361 1845 dum
391 1778 490 1863 igitu'r
512 1777 655 1854 videtur,
684 1781 822 1865 primum
845 1790 1013 1867 utramque
1035 1780 1261 1846 formationem
1283 1778 1380 1842 excti-

285 1883 382 1960 tiree,
405 1892 519 1970 postea
540 1881 674 1947 alteram
696 1883 932 1968 praevaluisse,
955 1882 1088 1948 alteram
1112 1882 1379 1947 modificationem

285 1985 449 2072 quendam
482 1985 621 2051 notionis
654 1984 858 2053 exhibentem
888 1986 931 2052 ed
961 1988 1102 2051 futurum
1133 1985 1379 2068 significandum

285 2098 413 2177 praeter
443 2090 515 2173 ipsa
540 2088 649 2154 futura
671 2088 795 2155 illorum
818 2090 988 2156 verborum
1010 2086 1152 2177 (ἀντιάω
1173 2098 1301 2176 praeter
1322 2085 1378 2155 ἀν-

286 2192 404 2278 τιι’σω)
425 2192 457 2256 in
482 2213 575 2255 usum
596 2192 732 2260 vonisse.

371 2315 392 2361 σ
421 2294 538 2360 deinde
567 2315 640 2359 cum
668 2294 739 2362 aliis
761 2296 913 2361 extritum
935 2316 1006 2360 ense
1027 2298 1106 2381 puto
1128 2317 1146 2359 e
1168 2293 1284 2361 futuris
1306 2315 1376 2359 ver·

288 2397 402 2463 borum
435 2398 627 2483 liquidorum
656 2399 711 2485 (cf.
741 2396 845 2463 Curtii
876 2398 972 2465 Verb.
999 2396 1033 2462 ΙΙ
1059 2399 1122 2463 302
1152 2399 1243 2484 sqq).
1287 2396 1380 2479 Quae

289 2521 421 2586 prorsus
444 2499 555 2565 eedem
577 2500 764 2567 condicione
782 2523 842 2566 use
864 2511 939 2566 nunt
954 2523 993 2566 ac
1007 2500 1191 2586 praesentia
1205 2499 1379 2586 quaedem:

285 2612 321 2667 ut
339 2605 423 2667 enim
443 2625 547 2690 prees.
570 2605 664 2669 τελέω
682 2615 787 2673 ortum
806 2615 888 2670 oste
905 2606 1043 2689 trioojor,
1062 2604 1109 2668 nic
1124 2602 1181 2673 fut.
1195 2603 1283 2690 μενῶ
1294 2626 1311 2669 e
1324 2626 1378 2688 μι-

285 2709 387 2788 νισᾷω.
425 2706 478 2769 Ad
494 2726 661 2772 comunem
677 2708 813 2774 formem
829 2707 943 2773 horum
959 2709 1140 2772 futurorum
1158 2707 1257 2771 etiam
1271 2706 1380 2776 futura

286 2808 410 2873 Dorice
432 2808 602 2875 verborum
626 2810 820 2896 liquidorum
842 2814 876 2877 in
900 2811 1085 2876 univercum
1108 2809 1287 2894 quadrant,
1317 2808 1379 2873 nisi

285 2910 371 2997 quod
379 2911 502 2977 vocalis
511 2916 730 2980 contractione
738 2913 1017 2980 effecteinterdum
1026 2910 1245 3000 discrepet(0.
1255 2910 1287 2977 J.
1295 2912 1376 2977 2671

286 3013 448 3098 αρινιῦντι
477 3019 551 3102 cet.)
574 3029 606 3084 et
627 3017 713 3104 quod
735 3040 832 3107 saepo
853 3043 866 3085 ι
888 3019 993 3082 exitus
1019 3018 1126 3103 stirpis
1148 3017 1182 3080 in
1204 3036 1217 3081 ι
1238 3022 1380 3079 mutatur

284 3116 461 3200 (sturton,
481 3120 659 3204 βαλισνται
680 3132 741 3187 cet.
762 3121 827 3186 tab.
851 3118 1002 3205 Hercei).

371 3220 498 3287 Futura
518 3224 690 3289 verborum
712 3227 745 3288 in
762 3224 838 3301 ’-ιζω
853 3231 1020 3288 contracte
1034 3231 1070 3286 ut
1084 3221 1188 3306 νομιῶ
1202 3218 1380 3286 Orthoffiuc

286 3321 321 3406 (1.
352 3322 386 3409 l.)
415 3347 456 3388 ex
484 3326 588 3390 forme
618 3328 771 3412 primaria
802 3330 982 3411 κσμιᾹι-σβω
1007 3326 1149 3401 derivet,
1180 3333 1216 3390 ut
1236 3324 1378 3390 futurum

285 3426 458 3491 formatum
481 3430 523 3492 eit
545 3449 586 3491 ex
608 3430 706 3514 stirpe
727 3430 907 3516 praesentis
929 3450 984 3511 ee,
1006 3450 1102 3515 quam
1124 3428 1247 3493 formae
1269 3438 1305 3492 ut
1326 3449 1377 3492 κα·
1403 3421 1410 3434 ’

283 3553 348 3613 μιω
370 3530 424 3615 (cf.
443 3532 560 3615 μηνίω,
579 3532 710 3614 μαστίω
725 3541 759 3597 et
771 3530 927 3616 μαστίζω,
948 3528 1039 3624 κλαίω
1054 3539 1087 3596 et
1100 3530 1233 3617 νληιζω)
1247 3531 1379 3596 nubente

285 3653 483 3704 censeamus.

372 3738 406 3823 g)
427 3735 605 3802 Oethofiius
628 3749 796 3825 praeterea
817 3737 851 3825 (Ι.
874 3736 893 3804 1.
910 3737 987 3824 328)
1010 3758 1176 3802 numerum
1192 3738 1377 3801 norieto·

286 3860 373 3902 rum
396 3839 543 3924 sigmatic
566 3840 696 3906 elisione
718 3853 830 3907 netum
852 3851 961 3928 putat:
986 3848 1061 3904 sunt
1081 3842 1176 3927 ἔχευα
1197 3843 1268 3925 (att.
1283 3841 1378 3926 ὄχεα),

284 3941 418 4017 ἔσσευα,
440 3946 529 4026 ἔκηα,
552 3937 732 4028 ἀλινάμην,
755 3945 948 4011 δατέασθαι
969 3942 1116 4026 (Hesiod.
1140 3944 1225 4033 opp.
1248 3945 1324 4031 767)
1348 3955 1379 4010 et

285 4042 475 4128 (secundum
497 4043 570 4111 Joh.
596 4043 758 4130 Schmidt,
782 4042 952 4114 vocalium.
979 4045 1013 4111 ΙΙ
1036 4047 1113 4133 331)
1136 4043 1311 4135 ἐντριάμην,
1332 4050 1379 4114 ite

287 4157 320 4212 ut
350 4157 425 4213 ente
455 4168 476 4213 o
506 4149 656 4213 extritum
687 4152 802 4235 ἔχινσα
828 4151 922 4236 (haec
948 4148 1052 4215 forme
1075 4153 1162 4239 apud
1185 4155 1378 4238 posteriores

252 4282 255 4289 ¹
285 4251 430 4339 obvenit)
452 4259 526 4332 cet,
555 4255 741 4337 ἑσρισαμην
763 4250 882 4317 dictum
905 4252 954 4321 sit.
999 4254 1064 4320 Sed
1086 4276 1197 4320 veram
1219 4256 1377 4322 rationem
