3256 4822
741 258 951 324 ..34-

302 430 366 493 nisi
389 427 488 493 semel
509 429 596 514 apud
611 429 667 494 Ar.
690 451 780 518 vesp.
805 429 913 515 1203).
950 428 1126 495 Praeterea
1140 427 1318 517 putandum
1334 436 1392 509 est,

302 531 385 596 haec
406 530 566 596 vocabula
582 533 690 597 omnia
705 532 890 616 analogiam
906 533 1162 598 aecusativorum
1178 539 1215 595 ut
1228 535 1268 596 tor
1283 539 1394 596 secuta

302 657 383 713 esse,
406 634 492 721 quod
513 633 618 718 magis
640 633 794 701 credibile
807 635 946 719 videtur,
961 635 989 699 si
1004 633 1111 721 plures
1126 633 1284 700 eiusmodi
1299 655 1391 699 accu-

303 735 398 802 sativi
429 737 462 799 in
486 759 523 799 -ω
546 734 588 802 ab
609 737 702 803 initio
725 738 931 819 exstiterunt,
953 737 1001 801 ita
1023 747 1058 803 ut
1078 745 1135 802 aut
1157 736 1309 821 analogia
1331 735 1393 802 for-

302 860 428 904 marum
454 846 491 903 ut
518 838 609 919 νεων,
631 839 713 906 λεών
733 850 793 909 cet.
816 850 873 906 aut
893 840 1070 906 formarum
1092 850 1128 905 ut
1148 845 1197 920 tu,
1220 840 1313 926 λάγω
1334 849 1393 906 cet.

301 942 433 1010 valeret.
478 941 584 1007 Voces
605 951 693 1008 certo
715 945 748 1008 in
770 944 831 1008 has
853 944 935 1007 duas
950 952 1059 1029 partes
1075 942 1218 1008 dividere
1234 945 1393 1021 omittam3

302 1047 382 1111 satis
413 1053 463 1109 est
486 1046 688 1112 accusativos
719 1048 790 1113 illos
819 1048 851 1111 in
883 1071 923 1111 -ω
954 1069 1156 1127 enumerare3
1185 1056 1261 1112 sunt
1287 1037 1417 1133 Τυφῶ,

302 1147 419 1233 staff),
447 1139 537 1214 κάλω
559 1148 646 1236 (plur
676 1143 798 1225 κάλωες
820 1149 982 1215 anundus
1003 1151 1083 1236 est),
1104 1150 1215 1235 λαγώ,
1235 1153 1293 1231 ἔω,
1316 1143 1395 1230 tto,

303 1251 385 1329 Κέω,
408 1249 478 1329 Κῶ,
494 1250 600 1333 Ἄθω,
626 1252 703 1332 Τέω,
726 1244 850 1337 ἀγήρω,
871 1255 1023 1336 salano,
1045 1248 1209 1335 ἀνάπλεω,
1231 1247 1395 1338 ἀξιόχρεω,

303 1349 480 1441 ὑπέρχρεω.
523 1352 741 1420 Accusativus
763 1357 853 1440 γαλω
876 1379 942 1422 non
962 1356 1087 1442 legitur,
1103 1357 1250 1441 quamvis
1266 1355 1326 1421 hoc
1340 1376 1396 1418 vo·

302 1456 453 1522 cabulum
476 1465 608 1544 prepter
629 1457 675 1523 lat
694 1459 769 1544 plor,
787 1460 886 1544 pluris
900 1461 920 1527 i.
937 1458 1096 1545 erotesis
1111 1456 1265 1545 stirpibus
1279 1458 1313 1521 in
1329 1478 1395 1523 ou·

303 1559 490 1625 adscribere
509 1561 655 1627 velimus.

387 1662 562 1729 Praeterea
582 1686 681 1729 unum
703 1683 859 1750 praesens
877 1684 898 1727 a
913 1664 1011 1751 stirpe
1025 1665 1059 1729 in
1075 1685 1130 1729 -oo
1144 1664 1317 1730 formatum
1333 1672 1394 1728 est:

388 1758 478 1848 ἀρόω
514 1772 619 1845 „aro“.
673 1767 836 1852 Tempora
869 1776 959 1833 sunt:
997 1766 1053 1832 fut
1087 1762 1200 1853 ἀρόσω
1232 1768 1320 1852 (cum
1354 1786 1395 1831 σσ

303 1866 402 1933 Anth.
416 1867 480 1931 Vll
498 1868 581 1954 175),
596 1865 771 1954 ἀρόσομαε,
788 1892 855 1937 aor.
872 1870 978 1957 ἦροσα
991 1870 1108 1954 (Pind.‚
1123 1869 1264 1950 Hesiod,
1279 1867 1394 1956 Soph.;

305 1993 378 2035 cum
401 1989 443 2036 σσ
465 1993 530 2035 non
552 1972 669 2054 legitur
690 1974 753 2037 nisi
775 1974 863 2060 apud
889 1973 993 2059 Apoll.
1009 1971 1111 2039 Rhod.
1135 1972 1185 2037 ΙΙΙ
1206 1974 1294 2058 497),
1317 1971 1395 2060 perf.

302 2095 386 2158 pass.
408 2072 579 2159 ἀρήρομαι
599 2074 707 2157 (Hom.
724 2073 765 2138 Σ
781 2077 869 2160 548),
892 2072 1029 2160 deciduo
1043 2075 1177 2164 (Soph.).
1221 2077 1272 2140 De
1296 2076 1395 2161 stirpe

302 2171 387 2258 ἀροσ
417 2176 532 2258 igitur,
562 2197 658 2262 quarn
681 2176 824 2242 Leskien
854 2178 873 2242 l.
903 2179 923 2243 Ι.
953 2181 1012 2245 121
1044 2180 1223 2266 improbat,
1253 2178 1395 2245 dubitari

304 2284 430 2362 potest,
453 2276 510 2340 sed
532 2281 658 2362 nescio,
680 2300 743 2364 quo
767 2280 868 2345 altero
891 2283 987 2347 modo
1009 2282 1123 2347 breves
1145 2282 1274 2348 vocales
1294 2282 1395 2346 futuri

247 2384 249 2390 ⁴
302 2388 335 2445 et
357 2380 467 2445 aoristi
488 2378 644 2466 explicari
664 2384 799 2468 possint,
814 2383 877 2448 nisi
893 2384 1024 2472 stirpem
1041 2387 1244 2470 sigmaticam
1260 2384 1394 2449 subesse

302 2490 461 2567 putemus.

388 2587 537 2674 Denique
559 2586 731 2652 nonnullae
753 2590 869 2677 stirpes
890 2590 924 2654 in
947 2613 1000 2656 -ον
1021 2590 1142 2657 formas
1165 2592 1296 2673 habent,
1311 2614 1393 2678 quae

304 2688 396 2753 aliter
418 2711 482 2754 non
507 2701 643 2776 possunt
664 2690 819 2779 explicari
841 2716 939 2780 quam
960 2703 997 2758 ut
1019 2695 1148 2760 residua
1167 2697 1232 2761 sint
1246 2697 1391 2781 stirpium

302 2793 335 2855 in
366 2811 429 2858 -οσ.
474 2792 572 2858 Tales
602 2803 678 2860 sunt
705 2797 845 2881 primum
874 2801 1112 2884 comparativa,
1140 2820 1277 2885 quorum
1300 2819 1390 2863 accu-

303 2895 400 2959 sativi
432 2916 478 2979 sg.
501 2905 534 2961 et
555 2898 745 2963 nominativi
768 2903 945 2965 accusativi
966 2901 1008 2989 pl.
1031 2924 1131 2969 masc.
1154 2904 1187 2967 in
1210 2926 1249 2966 -ω
1271 2911 1303 2967 et
1324 2922 1394 2975 -ους

291 3007 432 3076 exeunt,
455 3020 481 3065 e.
504 3021 532 3081 g.
555 3001 684 3084 μείζους
706 3012 739 3068 et
760 3004 858 3088 μείζω
880 3014 1010 3090 praeter
1029 3006 1183 3090 μείζονες,
1196 3007 1348 3091 μείζονας
1363 3012 1396 3067 et

302 3099 456 3183 μείζονας
479 3101 518 3168 cf.
541 3099 594 3166 lat.
616 3108 768 3188 maJ'orern,
791 3129 869 3175 sacr.
894 3130 960 3174 ace.
982 3108 1026 3195 pl.
1040 3109 1231 3196 mudtyasas.
1268 3107 1393 3172 Eadem

304 3201 455 3267 formatio
485 3203 572 3267 valet
606 3204 640 3268 in
675 3205 819 3291 pluribus
849 3210 979 3276 casibus
1009 3232 1136 3299 quoqne
1164 3210 1394 3276 vocabulorum

303 3304 450 3392 γλήχων,
479 3300 608 3388 ἀηδών,
628 3308 777 3394 χελιδών,
798 3308 907 3388 εἰκών,
930 3334 1015 3398 quae
1037 3324 1113 3379 sunt
1133 3312 1292 3398 (Ktihner,
1313 3312 1394 3378 ausf.

303 3405 432 3474 Griech.
463 3429 598 3493 gramm.
630 3411 723 3496 385):
752 3412 906 3500 βληχοῦς,
937 3423 1004 3495 -οῒ,-
1034 3412 1234 3504 ἀυλωχώῂ
1263 3411 1394 3494 ἀηδοῦς,

304 3508 420 3593 ἀηδοῖ,
440 3512 577 3598 χελιάοἳ;
600 3513 714 3595 εἰκοῦς,
734 3519 816 3584 alani.

390 3612 442 3678 Ab
465 3614 516 3679 his
539 3616 691 3682 differunt
712 3641 750 3684 eo
773 3628 908 3702 tantum,
931 3622 1016 3708 quod
1039 3625 1071 3687 in
1094 3621 1243 3687 omnibus
1265 3621 1394 3688 casibus

303 3736 361 3801 per
383 3741 408 3780 ω
432 3717 625 3805 scribuntur,
648 3716 732 3788 aldo
753 3723 837 3809 quod
856 3724 926 3811 jam
950 3747 1049 3812 supra
1063 3728 1393 3808 commemoravimus,

390 3971 420 4041 l*)
438 3972 561 4029 Verbum
592 3974 698 4030 ἄλοιάω
726 3977 1001 4035 animadvertendum
1029 3983 1085 4050 est,
1114 3982 1187 4051 quod
1214 3980 1331 4037 fortasse
1358 3981 1394 4035 ad

303 4057 416 4126 stirpem
442 4057 511 4113 dioc
535 4064 656 4130 spectat,
680 4081 752 4134 quae
775 4069 885 4136 praeter
902 4068 1017 4138 stirpem
1035 4066 1101 4120 ἀλεο
1120 4068 1159 4139 (in
1177 4068 1261 4139 ἀλέω)
1279 4066 1394 4132 exstitit,

302 4147 330 4197 et
348 4144 384 4199 ad
401 4162 502 4201 nomen
518 4150 656 4217 quoddam
673 4154 706 4205 ut
723 4151 822 4205 divum
841 4154 924 4206 ἀλωα
936 4155 1118 4210 derivandum
1130 4155 1265 4226 usurpata
1276 4155 1395 4223 videtur,

300 4231 374 4286 unde
390 4231 510 4303 denique
528 4235 656 4305 alcanica,
677 4236 794 4300 dioran,
816 4238 912 4293 ‹iloto›
931 4241 1079 4297 deseendit.
