3256 4822
686 294 903 393 ¹--11-

254 475 362 531 tamen
392 466 515 532 formae
546 475 724 550 temporum
756 473 791 530 et
814 464 1049 543 derivatorum,
1074 484 1158 549 quae
1179 482 1200 526 o
1221 459 1345 526 literam

256 569 374 635 habere
405 569 541 647 debent,
574 590 644 633 eam
679 590 790 633 omnes
813 568 955 634 habeant
978 604 1016 616 -·
1041 566 1141 633 affero
1164 561 1346 642 ἀκουσθείς

255 672 372 758 (Thuo.
388 671 439 736 ΙΙΙ
455 673 519 757 38),
535 665 699 747 ἀκουστός
714 672 835 759 (Flet),
850 665 1004 755 ἄκουσμα
1019 670 1130 756 (Soph.
1147 678 1179 735 et
1193 668 1290 754 Plat.)
1306 705 1346 717 -

259 776 432 842 verisimile
454 776 593 854 videtur,
616 775 747 858 formas,
769 797 852 861 quae
874 776 917 840 ab
939 799 962 838 α
982 775 1149 861 incipiunt,
1171 773 1214 838 ab
1237 773 1346 837 alteris

258 879 476 965 sejungendas
506 887 538 942 et
566 900 637 942 oum
667 887 732 962 got
760 878 898 963 hausjon
920 878 1163 966 conjungendas
1185 899 1271 955 esse,
1294 877 1346 940 eni

256 984 359 1049 forma
381 980 592 1070 supponenda
615 985 734 1067 xovojo
753 982 872 1068 optime
887 984 1070 1068 respondet.
1116 984 1209 1066 Quae
1224 990 1344 1069 etymo-

256 1088 344 1171 logia
367 1108 430 1151 non
445 1084 625 1149 infirmatur
640 1079 676 1147 ol·
692 1087 845 1171 praefixo,
860 1085 903 1150 ad
918 1086 1004 1171 qnod
1019 1086 1247 1174 explicandum
1262 1106 1346 1148 eom·

256 1190 364 1277 plures
391 1196 522 1254 exstant
542 1188 702 1265 rationes,
723 1208 805 1272 quas
828 1190 1014 1274 singillatim
1036 1191 1172 1278 proponi
1193 1189 1255 1267 hoo
1276 1187 1346 1252 looo

257 1322 322 1365 non
352 1307 401 1363 est
428 1298 645 1363 neeessariam
669 1295 722 1382 (of.
747 1291 839 1360 Gra*
863 1295 925 1360 709
948 1295 1041 1380 sqq.).
1086 1294 1193 1380 Atque
1215 1301 1346 1378 propter

257 1399 293 1469 ὄι-
323 1402 403 1489 perf.
430 1409 492 1466 aot.
521 1421 649 1486 quoqne
678 1398 779 1462 radici
804 1419 886 1463 xovo
908 1398 1101 1486 subjungam
1126 1396 1346 1485 (ἁκ-ηκουσ-α,

188 1568 191 1571 ,
255 1504 449 1585 oin-nuova,
475 1497 628 1588 ἀκήκοα).
675 1502 798 1568 Contra
820 1503 924 1568 forma
946 1502 1100 1590 Hesychii
1124 1498 1188 1584 κοᾷ
1209 1500 1346 1564 fortasse

159 1608 161 1614 ⁴
259 1610 350 1676 alteri
372 1608 472 1673 radici
493 1605 707 1671 adscribenda
730 1614 787 1671 est.

341 1711 553 1777 Kraushaarii
583 1709 681 1796 (stud.
715 1709 747 1774 ΙΙ
770 1709 848 1793 429)
871 1709 1043 1797 explicatio
1065 1709 1156 1774 verbi
1182 1704 1248 1774 tolo
1270 1704 1346 1773 stolo

254 1818 328 1902 (lae.
351 1838 454 1903 syrae.
477 1808 579 1900 ἐβάω)
602 1835 644 1878 ex
666 1818 801 1898 sofajn,
824 1823 979 1900 quantum
994 1814 1098 1893 video,
1113 1812 1220 1879 adhuc
1235 1810 1344 1876 lauda·

255 1932 356 1987 torem
380 1942 443 1984 non
465 1919 596 1982 invenit.

341 2026 396 2111 36)
418 2017 520 2089 dloin
549 2022 762 2108 ‚pomprimo“
783 2019 939 2105 (Leskien
969 2022 988 2086 l.
1019 2022 1037 2086 l.
1065 2044 1096 2107 p.
1117 2020 1183 2106 90).
1226 2020 1348 2084 Forma

256 2121 361 2218 φλάω,
391 2149 474 2212 quae
502 2147 598 2212 saepe
621 2123 708 2211 apud
731 2123 835 2188 Dores
867 2124 1013 2205 obvenit,
1042 2147 1105 2190 non
1128 2134 1235 2189 tamen
1258 2123 1349 2189 deest

256 2232 398 2314 Ionibus,
414 2230 602 2317 plerumque
617 2228 753 2292 eandem
769 2235 948 2313 temporum
963 2230 1187 2296 formationem
1204 2226 1347 2315 praebet.

255 2334 439 2401 Praesentis
461 2332 566 2397 forma
586 2323 727 2417 φλάσσω
749 2330 867 2415 legitur
890 2333 976 2420 apud
999 2334 1139 2399 medicos
1162 2332 1347 2420 posterioris

256 2438 380 2506 aetatis.
435 2436 518 2502 (luni
550 2435 726 2501 Leskienio
755 2436 854 2519 igitur
882 2437 1020 2502 formam
1042 2439 1138 2503 θλασ
1167 2437 1213 2520 (et
1242 2435 1346 2524 φλασ)

257 2542 475 2630 proponimus,
497 2562 575 2604 nam
591 2539 739 2615 θλαὸίας
762 2540 963 2619 „eunuohus“
985 2540 1104 2606 nullius
1120 2540 1275 2606 momenti
1290 2547 1347 2605 est.

256 2646 309 2710 Ad
340 2646 460 2711 radieis
491 2644 627 2709 formam
658 2651 766 2708 autem
788 2643 1090 2729 Indogermanieam
1119 2645 1346 2709 inveniendam

254 2751 392 2817 fortasse
411 2748 485 2813 lieet
509 2770 585 2813 ssor.
607 2746 703 2831 plari
725 2753 863 2825 „terere“
886 2748 920 2831 (a
940 2747 1009 2813 rad.
1031 2748 1106 2812 dori
1123 2748 1193 2833 jam
1216 2755 1347 2832 propter

197 2850 202 2859 ’
256 2853 520 2937 significationem
549 2848 796 2937 sejungendum)
828 2872 1032 2936 comparare,
1062 2852 1250 2935 praesertim
1272 2870 1346 2913 oum

256 2955 328 3021 ved.
358 2956 453 3037 piria
478 2955 639 3020 notionem
669 2953 709 3016 ad
738 2952 872 3017 verbum
902 2945 1004 3018 otilo
1033 2953 1233 3040 aptissimam
1260 2976 1346 3033 „zer-

256 3057 406 3121 malmer“
428 3054 560 3138 habeat3
584 3057 624 3120 ds
644 3055 685 3141 pla
707 3076 857 3137 consona,
874 3054 998 3120 Graeco
1021 3058 1052 3122 θ
1067 3056 1288 3141 respondente,
1303 3057 1344 3124 of.

257 3162 359 3247 θέρος
381 3181 454 3224 oum
477 3158 544 3225 rad.
568 3182 657 3226 ssera
677 3161 758 3245 plor
780 3159 885 3247 (Gra.⁴
907 3159 995 3244 485).

340 3262 395 3346 37)
418 3258 507 3329 ulain
530 3266 679 3344 „frango‘·
703 3262 913 3330 aLeskienio
936 3262 968 3345 (l.
991 3262 1012 3329 l.
1033 3285 1062 3348 p.
1087 3264 1143 3348 91)
1158 3266 1192 3328 in
1210 3264 1345 3328 formam

254 3367 442 3454 primariam
457 3371 581 3451 κλασρω
596 3367 769 3433 reduoitur.
800 3368 865 3434 Sed
878 3390 949 3433 eum
963 3361 1053 3433 κλάω
1065 3368 1213 3453 inprimis
1225 3366 1266 3430 de
1277 3389 1345 3431 sur-

254 3471 335 3535 culis
365 3470 490 3536 dioatur
519 3479 552 3533 st
581 3470 701 3535 surculi
722 3472 825 3558 ipsius
849 3493 964 3536 nomen
987 3471 1028 3535 sit
1050 3467 1069 3535 ὁ
1091 3462 1222 3549 κλάδος,
1245 3490 1346 3535 noso

255 3583 434 3659 temporum
469 3595 511 3636 ex
547 3572 777 3638 assimilatione
811 3573 938 3638 mediae
965 3572 1104 3638 dentalis
1133 3581 1245 3637 natum
1275 3595 1346 3637 esse

255 3677 424 3756 oredimus,
446 3678 492 3741 ita
514 3684 550 3741 ut
570 3677 750 3762 praesentis
769 3666 873 3741 forma
887 3677 1050 3762 primitiva
1065 3677 1106 3740 sit
1120 3675 1231 3757 niujo,
1246 3675 1345 3739 futuri

253 3781 395 3866 xladojo
422 3788 481 3846 oet.
526 3780 602 3862 Qua
629 3801 701 3844 oum
730 3781 915 3866 conjectura
938 3778 1020 3844 aliae
1042 3778 1251 3843 formationes
1274 3780 1345 3845 voci

255 3874 377 3960 κλάδος
400 3883 520 3949 similes
542 3891 733 3968 congruunt.
777 3882 827 3948 cf.
848 3882 931 3948 Van.
955 3904 984 3967 p.
1010 3881 1079 3948 128.

339 3988 395 4072 38)
417 3984 562 4051 Verbum
585 3987 644 4065 ξέω
667 3985 798 4066 „soabo,
820 3985 923 4073 polio“
945 4006 1009 4049 non
1032 3992 1216 4069 separatum
1240 4008 1260 4049 a
1282 3981 1346 4066 §to

254 4087 376 4173 „polio“
412 4090 544 4152 tractari
576 4096 699 4175 potest,
736 4090 814 4175 quia
846 4084 1055 4152 similitudine
1082 4087 1284 4153 formationis
1313 4098 1346 4153 et

253 4190 393 4255 notionis
424 4190 648 4277 propinquitas
676 4192 854 4274 indicatur,
882 4190 1019 4275 ideoque
1039 4187 1183 4254 Leskien
1215 4193 1260 4278 (p.
1289 4194 1346 4272 91)

251 4292 361 4377 posuit
382 4290 465 4358 duas
485 4292 612 4358 radioes
634 4291 800 4361 literarum
822 4316 927 4383 parva
942 4294 1119 4360 variatione
1134 4295 1345 4362 variationem
