3256 4822
619 221 897 338 949-

320 438 500 532 ’κρύφασος
521 443 645 529 „jactus
668 442 799 530 quidam
819 442 977 509 talorum“
997 441 1085 529 apud
1100 441 1264 509 Pollucem
1286 463 1338 507 oo·

246 546 346 610 currit
367 554 400 610 et
420 546 559 610 fortasse
580 567 651 611 cum
675 539 802 633 κρύφᾶ,
829 551 990 633 κρυφαῖος
1011 546 1058 609 ita
1078 544 1338 632 conjungendum

245 656 303 731 est7
325 658 361 713 ut
382 648 531 714 formatio
555 648 596 714 ud
617 650 751 726 θίασος,
773 641 913 733 κέρασος
935 658 994 713 cet
1017 649 1060 713 sit
1079 647 1250 737 applicata.

328 751 382 816 Ad
396 743 573 836 λοιβάσιον
587 772 664 831 „vas
679 750 722 815 ad
737 750 872 834 λοιβήκ“
887 749 1014 839 (Epich.
1029 772 1080 837 ap.
1092 750 1209 819 Athen.
1220 751 1284 817 408
1296 749 1337 830 D,

241 854 306 919 486
327 854 372 941 A)
393 852 620 945 explicandum
643 853 778 920 verbum
800 852 944 937 λοιβαζω
966 852 1110 939 conjicio.

327 954 476 1032 τιθασός
497 956 620 1039 „cicur“
642 963 814 1044 propterea
834 955 1043 1022 memorabile
1065 963 1128 1036 est,
1155 954 1336 1042 quodcum

242 1079 284 1125 σσ
313 1079 440 1145 quoque
468 1060 607 1125 traditur
628 1059 799 1145 (Aristot).
844 1057 941 1141 Quod
969 1060 997 1123 si
1022 1066 1110 1125 recte
1132 1080 1205 1123 oum
1227 1057 1336 1123 radice

243 1162 307 1227 dte
328 1162 461 1241 ,‚felare“
483 1162 689 1249 conjunctum
705 1170 763 1245 est,
784 1170 936 1249 putamus
951 1161 1087 1227 formam
1102 1159 1335 1249 reduplicatum

242 1264 371 1350 abjecta
400 1263 506 1331 vocali
533 1264 669 1331 rediculi
697 1266 779 1330 τιθ
804 1263 1038 1349 („gebrocbene
1059 1263 1337 1351 Reduplication“)

243 1365 392 1444 subesse3
426 1366 465 1434 cf.
496 1388 573 1434 ssor.
603 1367 719 1432 dudd-i
743 1365 925 1453 ,‚oxygala“
951 1366 1135 1455 formasque
1158 1367 1230 1432 aliis
1251 1366 1336 1432 radi·

243 1467 335 1533 cibus
358 1469 602 1556 subjungendas
624 1470 802 1551 dedimus,
824 1472 975 1536 dud-snus
996 1479 1029 1535 et
1050 1470 1171 1536 formas
1192 1469 1336 1536 Graecas

240 1572 377 1648 τίτθ-ος
408 1579 608 1656 ‚,mamma“‚
642 1573 765 1651 oleri-rr
794 1570 948 1651 „numme
976 1573 1049 1662 (pro
1080 1572 1228 1650 τιθασός
1249 1572 1336 1661 apud

238 1675 376 1741 Aratum
397 1675 513 1762 legitur
534 1674 660 1762 τιθός).
704 1674 754 1741 Os.
779 1673 870 1741 Gra*
893 1675 966 1741 252.

324 1778 564 1847 Vocabulorum
587 1779 719 1854 κύτισος
741 1798 862 1863 „genus
876 1777 1004 1844 trifolii‘
1021 1785 1054 1843 et
1068 1779 1219 1864 τῶμισος·
1233 1782 1335 1845 πυτία

239 1879 405 1966 (Tbeoor.)
427 1880 606 1968 veriloquio
626 1879 826 1967 perobscura
847 1891 922 1946 suot
943 1880 1064 1966 (Fickii
1087 1882 1273 1967 conjectura
1294 1882 1335 1946 de

241 1977 379 2067 τᾶμισος
395 1982 446 2048 11³
462 1985 524 2050 100
537 1983 734 2069 ingeniosior
748 1990 799 2048 est
812 2003 910 2070 quam
920 1984 1056 2071 verior)3
1079 1984 1217 2049 fortasse
1227 1992 1335 2048 autem

240 2095 363 2152 mutata
389 2086 495 2153 vocali
516 2086 579 2152 illis
600 2085 848 2152 formationibus
869 2086 903 2151 in
925 2107 1033 2163 -ασας
1055 2086 1270 2176 respondent,
1300 2096 1336 2151 ut

238 2187 381 2275 profecto
401 2186 554 2275 μέθυσος
575 2190 617 2256 ad
638 2190 792 2256 aomstum
814 2188 904 2255 verbi
925 2185 1085 2275 μαθόσκω
1108 2189 1335 2277 applicandum

236 2290 373 2373 videtur,
394 2293 459 2360 nisi
479 2292 616 2359 formam
630 2293 816 2380 primariam
829 2294 1031 2379 ursive—oue
1045 2314 1165 2379 ponere
1179 2293 1335 2360 volumus.

323 2396 491 2463 Vocabula
512 2398 649 2485 denique
664 2420 684 2461 a
698 2397 817 2465 talibus
832 2396 1078 2464 formationibus
1092 2397 1126 2459 in
1141 2417 1236 2473 -ασος
1251 2396 1333 2463 deri·

235 2507 314 2564 vata
327 2500 481 2566 nonnulla
495 2501 603 2583 affero,
617 2522 753 2587 quorum
767 2508 875 2566 tamen
891 2521 968 2587 pars
983 2500 1107 2584 origine
1121 2498 1261 2565 obscura
1274 2509 1334 2571 est.

238 2624 297 2666 nec
318 2604 510 2669 contendere
532 2604 679 2684 audeam,
701 2625 758 2670 eas
781 2605 844 2670 alio
858 2602 955 2669 modo
970 2602 1126 2691 explicari
1140 2624 1206 2668 non
1220 2624 1334 2690 posse:

323 2707 447 2773 Aluum
468 2706 556 2788 „dies
578 2708 638 2774 Διὶ
658 2709 807 2795 ratlegio
830 2711 940 2773 sacer‘

323 2810 476 2899 placidior
497 2810 599 2900 (apud
613 2809 888 2878 Lacedaemonios
903 2830 1046 2876 mensem
1061 2808 1149 2875 illum
1165 2806 1333 2893 significat,

238 2933 304 2999 quo
325 2912 449 2979 fructus
470 2914 744 3001 maturesoebant)
1214 2990 1217 2995 ,

325 3015 515 3100 σπαρασιον
543 3015 673 3101 (ὄρνεον
702 3018 836 3106 ἐμφερὲς
863 3012 1034 3102 στρουθῷ.
1056 3017 1139 3079 lusos
1161 3012 1245 3099 σκίψ
1266 3009 1329 3075 He·

241 3115 356 3204 sych·);
386 3117 427 3182 cf.
450 3117 533 3184 Van.
558 3118 640 3183 1188

323 3218 507 3305 oiylaosmir
528 3220 656 3306 (καλόν
674 3219 829 3307 Hesyoh.)

323 3318 503 3407 ἀγασυλλίς
536 3322 737 3404 „heracleum
765 3322 1009 3408 gummiferum“
1038 3320 1177 3408 (Dicae.)
1206 3318 1333 3385 videtur

238 3447 312 3491 cum
340 3424 439 3491 verbo
469 3427 602 3512 ἄγαμαι
627 3427 888 3514 conjungendum
909 3434 943 3492 et
962 3425 1109 3514 pluribus
1131 3423 1256 3490 suffixis
1276 3443 1330 3486 cu-

238 3528 368 3594 mulatis
390 3530 510 3595 aoristo
533 3529 760 3618 applicandum
782 3551 862 3599 esse.

325 3632 494 3716 yttamar
515 3631 700 3718 (peluntur
722 3633 808 3721 apud
830 3631 960 3722 poster.)
1074 3685 1079 3693 .

324 3734 361 3820 b)
383 3733 455 3802 suff.
476 3756 621 3814 -cor03
653 3757 695 3801 ex
715 3736 828 3821 lingua
849 3757 927 3803 ssor.
949 3757 1022 3800 -soo
1044 3740 1078 3798 et
1099 3731 1188 3796 uani
1206 3735 1240 3794 et
1259 3751 1333 3792 -sua

240 3839 424 3924 comparari
448 3847 585 3925 possunt
606 3839 660 3925 (of.
681 3837 827 3904 Linduer
850 3841 909 3904 lll
936 3836 1003 3924 sq.).
1048 3834 1159 3920 Neque
1180 3830 1242 3899 hoo
1264 3832 1332 3895 sine

241 3939 441 4007 dubitatione
463 3962 570 4020 sumo,
592 3961 668 4005 nam
690 3963 708 4006 e
729 3942 840 4029 glossa
860 3940 916 4005 illa
937 3937 1148 4024 Hesychiana
1170 3926 1331 4022 yoipsuru·

239 4039 403 4130 φρύγανα.
426 4041 554 4128 Κρῐτες
580 4041 732 4108 suffixum
760 4063 858 4109 -σακο
887 4048 1057 4130 propterea
1077 4061 1143 4105 uon
1164 4048 1332 4128 procerte

242 4149 438 4212 constituere
466 4166 652 4230 possumus,
683 4148 760 4232 quia
781 4144 876 4211 radix
898 4143 989 4210 verbi
1011 4164 1077 4208 non
1100 4142 1179 4207 satis
1199 4139 1331 4205 definita

239 4260 304 4332 est3
326 4251 428 4317 solum
451 4242 603 4334 yolo-uuo·
624 4245 762 4336 ῥάβδον.
806 4247 996 4323 Μακεδόνες
1010 4244 1182 4334 (Hesyoh.)
1197 4243 1330 4311 eandem

1099 4361 1118 4417 4
