3256 4822
723 290 935 356 ..40-

286 461 439 541 buerunt,
465 458 521 524 sed
548 462 732 546 praesentia
757 461 939 527 futurorum
967 462 1130 526 notionem
1153 459 1269 545 adepta
1292 469 1375 542 sunt,

285 563 358 631 dico
391 585 558 628 numerum
591 564 770 630 futurorum
803 564 985 631 Atticorum
1019 563 1120 644 ilium,
1153 585 1248 650 quem
1278 586 1375 649 supra

286 664 438 754 stirpibus
465 668 689 754 praesentibus
717 668 750 732 in
780 687 801 732 σ
828 667 1026 732 addidimus:
1060 667 1121 731 otu
1149 666 1251 753 (apud
1280 667 1374 732 Hom.
1474 716 1478 725 .

284 761 396 854 ὲλόω),
426 762 507 850 epto
529 768 637 854 (Hom.
664 771 800 856 2454),
830 762 941 835 τανύω
963 770 1004 858 (φ
1028 771 1119 855 lid),
1147 758 1267 845 ruisi„
1285 770 1374 850 veto,

285 875 385 955 κορέῳ
406 869 453 956 (Θ
472 872 566 958 379),
588 871 711 957 osope,
732 869 861 961 περάαν
882 871 1034 959 (014543
1068 896 1088 937 a
1108 872 1206 938 verbo
1228 873 1376 960 ponendo

283 995 392 1061 περαω
433 974 628 1059 derivatum,
664 975 756 1040 cuius
792 976 935 1040 futurum
971 975 1157 1061 plerumque
1194 983 1244 1040 est
1281 967 1377 1060 περά-

284 1076 393 1161 doto,
423 1099 489 1142 aor.
520 1079 744 1165 ἐπόρασ(σ)α),
772 1079 874 1143 eserici
900 1079 1060 1164 (tempora
1081 1077 1176 1141 huius
1197 1073 1288 1138 verbi
1309 1095 1375 1138 om·

283 1179 339 1243 nia
361 1200 381 1243 σ
402 1179 563 1263 indicant3
594 1174 737 1259 σκεδάζω
759 1203 800 1246 ex
822 1201 884 1267 quo
907 1179 1067 1245 dentalem
1086 1177 1286 1267 explosivam
1300 1197 1374 1240 eon·

284 1281 411 1346 cludere
438 1283 535 1364 velis,
563 1287 723 1370 posterius
752 1283 944 1369 invenitur),
974 1271 1045 1349 dte
1073 1280 1265 1367 (secundum
1285 1279 1375 1345 Moe-

282 1384 384 1448 ridem
406 1386 530 1483 pss),
562 1387 688 1477 ἀμφιῶ,
708 1392 892 1474 μαχέομαι,
920 1385 1092 1471 μαχοῦμαι
1114 1385 1267 1470 (soristus
1289 1383 1375 1470 apud

284 1488 378 1556 Hom.
400 1496 451 1552 est
471 1484 698 1574 ἑμαχεσάμηνς
728 1513 748 1556 a
771 1488 904 1571 Wolfio,
926 1489 1094 1567 Bckkero,
1116 1487 1285 1553 Diudorfio
1306 1489 1375 1573 qui-

284 1591 354 1654 dem
386 1613 428 1654 ex
459 1592 637 1656 Aristarchi
668 1595 859 1658 auctoritate
886 1596 1110 1678 μαχέσσομαι,
1143 1588 1376 1676 &aspersorium

281 1702 407 1759 mutata
440 1702 514 1758 sunt
546 1693 579 1756 in
611 1689 825 1780 μαχήσομαι,
856 1699 1089 1779 ἑμαχησάμην,
1121 1694 1178 1758 sed
1212 1717 1270 1759 nos
1301 1717 1372 1759 cum

282 1795 455 1861 Leskienio
484 1797 501 1861 Ι.
524 1797 542 1860 Ι.
565 1819 596 1883 p.
619 1798 681 1862 102
702 1797 882 1882 praesentis
904 1797 1040 1861 sormam
1063 1798 1248 1883 primariam
1271 1799 1371 1864 fuisse

284 1921 452 1963 censemus
472 1903 689 1986 μαχεσμομαι,
719 1902 766 1966 ita
788 1908 823 1964 ut
844 1901 944 1964 futuri
966 1899 1070 1965 forma
1090 1901 1290 1988 respondens
1310 1925 1373 1986 μα·
1402 1896 1408 1901 ’

281 2007 445 2089 piscopos
466 2001 617 2088 ponenda
640 2003 712 2088 sit),
734 2008 859 2088 νέομαι.
902 2002 943 2068 ln
965 2002 1014 2066 bis
1036 2002 1144 2069 verbis
1166 2013 1208 2086 et,
1230 2006 1293 2069 nisi
1314 2004 1372 2069 fal-

283 2106 394 2179 limur‚
418 2107 452 2170 in
473 2109 591 2189 ereptor
614 2106 684 2191 (fut.
707 2107 810 2189 osspoi
833 2107 919 2192 apud
942 2106 1057 2171 Aesch.
1080 2106 1187 2173 Prom.
1209 2108 1283 2185 862,
1307 2107 1376 2171 sive

283 2230 344 2274 sec.
360 2207 536 2272 Hermann.
552 2208 640 2289 865),
662 2213 742 2294 spis)
763 2208 833 2294 (fut.
852 2207 927 2294 ὲμῶ,
948 2208 1031 2274 med.
1046 2209 1164 2274 Aesch.
1180 2211 1276 2280 Eum.
1292 2212 1377 2298 730),

282 2302 372 2377 ἀνύω
403 2310 472 2396 (fut.
501 2306 591 2376 ἀνύω
613 2309 709 2377 Hom.
732 2314 759 2376 A
781 2312 855 2398 56),
884 2333 958 2377 cum
987 2315 1084 2398 stirps
1112 2315 1146 2379 in
1168 2333 1189 2377 σ
1210 2314 1375 2391 exciderit,

282 2414 387 2477 forma
408 2413 509 2481 futuri
526 2413 685 2497 regularis
699 2436 739 2479 ea
754 2423 878 2479 tantum
894 2425 953 2495 est,
976 2436 1058 2501 quae
1073 2437 1131 2502 per
1146 2434 1188 2480 σσ
1202 2415 1307 2504 (poste
1322 2416 1375 2502 σσ)

283 2516 457 2596 formatur,
485 2526 518 2580 et
547 2538 661 2582 revera
683 2515 764 2582 haec
784 2518 851 2583 fere
874 2540 1002 2605 semper
1023 2527 1151 2606 praeter
1172 2520 1306 2584 alteram
1328 2522 1375 2583 in-

283 2621 418 2683 venitur.
462 2620 559 2703 Quod
589 2639 647 2703 oe,
677 2622 737 2685 etsi
767 2630 880 2707 postea
909 2624 942 2686 in
964 2644 1064 2687 unum
1087 2644 1108 2688 σ
1128 2621 1295 2687 reductum
1318 2629 1377 2705 est,

283 2744 449 2810 nunquam
464 2722 585 2788 excidit
600 2724 749 2809 (somnam
763 2722 794 2790 sd
805 2728 880 2808 „es“
894 2747 925 2811 p.
939 2727 978 2790 17
995 2723 1187 2812 explanasse
1200 2725 1375 2810 putamus),

283 2827 329 2891 ita
357 2836 395 2891 ut
424 2848 452 2892 e.
479 2847 505 2893 c.
527 2826 801 2892 caussantes
824 2829 909 2915 (fut.)
933 2830 1062 2894 omnino
1085 2827 1266 2913 separanda
1286 2827 1373 2891 vide·

283 2938 395 3008 antur3
426 2951 530 3015 neque
552 2949 613 3014 ego
634 2930 744 3008 video,
768 2952 851 3018 quae
874 2931 939 2997 alia
959 2941 1105 3017 tempora
1126 2928 1278 2995 habenda
1300 2931 1375 3013 sint,

284 3034 346 3097 nisi
368 3034 571 3119 praesentia,
594 3034 751 3121 equibus
774 3035 923 3100 nimirum
945 3055 966 3098 σ
987 3036 1139 3099 emissum
1161 3042 1223 3115 est,
1245 3034 1320 3119 quia
1340 3035 1374 3098 in

283 3136 388 3200 forma
414 3137 594 3222 praesentis
623 3159 689 3203 non
719 3137 820 3204 altero
843 3139 979 3223 sigmate
1001 3138 1135 3221 ligatum
1157 3143 1234 3202 erat.
1279 3137 1373 3218 Quod

171 3294 173 3298 .
283 3261 348 3305 non
370 3239 487 3303 mirum
507 3239 680 3323 videbitur,
705 3240 732 3304 si
754 3243 1011 3327 reputaverimus
1032 3260 1185 3328 praesens
1208 3241 1336 3328 saepius
1354 3263 1375 3306 a

283 3340 418 3407 Graecis
440 3363 499 3428 pro
521 3342 630 3407 futuro
652 3351 953 3428 esseusurpatum3
979 3342 1056 3428 quid
1078 3343 1172 3422 onim,
1195 3344 1222 3407 si
1236 3343 1373 3408 formam
1438 3416 1443 3425 ⁴

282 3453 406 3510 tantum
422 3445 620 3531 respicimus,
642 3443 717 3530 εἶμι,
740 3445 867 3529 ἔδομαι,
889 3447 1011 3530 πίομαι
1024 3451 1082 3509 cet.
1100 3452 1183 3524 sunt,
1204 3445 1267 3510 nisi
1281 3466 1373 3531 prae·

283 3546 411 3612 sentia?
443 3547 617 3612 Praeterea
637 3549 817 3633 praesentis
839 3550 925 3613 notio
948 3549 1077 3634 saepius
1099 3568 1200 3633 prope
1216 3548 1373 3614 adfuturi

281 3651 445 3715 notionem
468 3648 602 3733 accedit,
625 3652 814 3737 praesertim
837 3653 863 3716 si
885 3652 986 3716 verba
1007 3657 1191 3737 spectamus
1212 3661 1250 3718 ut
1271 3644 1372 3729 ἀνύω,

282 3750 368 3836 quod
397 3754 522 3818 etiamsi
550 3775 704 3841 praesens
726 3752 858 3835 dieitur,
887 3762 995 3820 tamen
1017 3753 1059 3818 ad
1081 3748 1207 3840 tempus
1228 3756 1371 3820 futurum

282 3856 430 3943 pertinet.
469 3856 619 3943 Denique
640 3856 849 3922 memorabile
869 3857 1007 3934 videtur,
1030 3857 1116 3943 quod
1132 3857 1282 3942 elinguis
1297 3878 1371 3945 cog·

282 3960 367 4023 natis
396 3958 526 4024 Slavica
555 3969 588 4024 et
609 3959 726 4026 Gotica
754 3982 812 4049 pro
843 3961 960 4025 futuris
988 3962 1172 4047 praesentia
1201 3961 1371 4027 verborum

281 4062 536 4149 perfectivorum,
557 4084 640 4149 quae
655 4063 816 4146 dicuntur,
831 4083 988 4150 usurpare
1003 4063 1106 4128 solent
1121 4063 1173 4149 (cf.
1190 4063 1373 4131 Schleicher

282 4185 383 4250 comp.
403 4164 465 4230 808
487 4165 555 4251 sq.).
600 4166 683 4232 Sunt
705 4177 813 4232 autem
836 4166 1010 4232 secundum
1026 4165 1234 4232 Leskienium
1258 4167 1384 4255 (hand-'

281 4268 366 4333 buch
398 4268 454 4333 des
477 4269 655 4337 Kirchenei.
685 4292 717 4356 p.
740 4272 793 4356 71)
824 4270 925 4335 verba
952 4269 1130 4356 perfectiva
1151 4292 1206 4355 ea,
1234 4293 1370 4359 quorum
