3256 4822
740 232 1041 318 ..ge-¹

388 420 573 505 xvssnototo
600 422 760 509 (παίζεινς
793 431 842 487 eet
870 421 966 487 ludus
994 424 1183 509 puerorum)
1207 442 1249 488 ex
1270 424 1390 489 aurion

302 521 393 588 verbi
414 522 521 607 κυβεω
541 523 596 609 (of.
619 520 758 611 κυβεύω)
779 524 974 591 deducimus.

387 633 561 701 Praeterea
594 635 623 699 ei
655 638 772 705 ἔπεσον
802 649 889 704 reete
921 660 942 703 e
971 636 1086 701 Curtio
1119 636 1312 722 expiiontum
1341 647 1391 704 eet

300 737 366 823 (vd.
397 760 495 825 supro
523 759 552 824 p.
575 738 648 824 51),
674 743 788 822 ntooc,
814 746 945 825 πέσημα
968 738 1009 804 ad
1031 740 1203 821 aurietum,
1233 743 1266 805 ni
1288 740 1391 820 fuller,

301 849 459 927 oppetunt,
481 860 555 905 oum
576 841 672 911 mdix
693 843 735 907 eit
755 864 825 908 πετ.

387 944 561 1038 orandun(
588 953 702 1038 tyron,
732 948 901 1032 ὑποθήκη.
924 953 1080 1040 H'esyoh.)
1109 953 1154 1018 nd
1179 970 1244 1018 nor.
1266 954 1390 1032 tntum

299 1053 451 1139 (ἕστασα)
473 1053 587 1119 refero.

386 1165 526 1230 Nomina
554 1168 685 1252 propria
714 1166 756 1231 ad
785 1165 866 1230 haee
894 1166 1044 1233 addendo
1064 1190 1129 1233 non
1151 1165 1313 1232 afferimus
1335 1167 1390 1253 (of.
1497 1226 1500 1241 ,

300 1288 400 1356 supra
429 1263 570 1353 Βρισεύς
598 1276 630 1332 et
658 1290 710 1355 pg.
740 1268 782 1334 48
812 1270 908 1355 not.)3
941 1293 1001 1336 neo
1029 1271 1222 1359 composite,
1255 1290 1390 1357 quorum

299 1392 378 1456 pers
406 1373 496 1456 puior
518 1372 657 1459 speeiem
679 1372 816 1437 nominis
840 1373 974 1437 aetionis
995 1395 1074 1460 pree
1096 1396 1131 1441 ee
1152 1373 1232 1455 fert,
1262 1395 1389 1439 enume-

298 1492 425 1554 ramus,
463 1481 499 1537 ut
540 1470 770 1561 ἀλφεσίβυιος,
811 1477 863 1539 oui
898 1476 1093 1564 respondere
1126 1475 1255 1541 videtur
1290 1497 1390 1541 unum

298 1568 447 1664 ἀλφάνω.

384 1672 545 1760 παυσωλή
572 1677 682 1766 (Hom.
712 1679 746 1743 B
772 1678 851 1763 386)
880 1679 989 1744 suffixi
1019 1680 1099 1757 -ωλη
1130 1702 1190 1768 ope
1218 1682 1389 1750 formatum

298 1782 352 1869 (of.
381 1781 529 1848 Diintzer
558 1782 599 1849 K,
628 1780 664 1848 Z.
690 1780 758 1846 XII
780 1782 817 1867 5)
846 1779 888 1845 nd
917 1783 1071 1847 aurietum
1103 1784 1297 1870 applicatum
1329 1794 1388 1866 eet,

298 1906 371 1950 oum
387 1881 591 1970 ἁμαρτ-ωλή,
606 1879 747 1971 εὐχ-ωλή
759 1895 819 1950 oet.
836 1884 879 1949 nd
894 1885 1025 1970 stirpem
1039 1871 1218 1969 praesentis
1234 1896 1388 1973 epeetent.

383 1993 530 2086 φάσακες
552 1989 786 2085 (συκοφάνται
799 1995 955 2082 Heeyoh.)
978 2020 998 2063 a
1019 2000 1140 2063 oomioo
1163 1997 1302 2082 quodem
1324 2001 1388 2065 for·

299 2109 423 2167 matum
444 2101 580 2166 videtur.

381 2211 436 2277 Ad
465 2211 608 2301 φαῦσινξ
637 2212 753 2298 (neque
783 2211 875 2276 aliter
905 2208 947 2274 ed
977 2209 1114 2299 ψαῦσις)
1136 2208 1270 2278 verbum
1292 2216 1388 2303 φαύω

294 2315 479 2403 ponendum
501 2338 522 2380 a
542 2315 762 2398 grammaticis
784 2312 931 2379 traditur.

381 2427 493 2513 Neque
522 2426 594 2491 ulle
615 2426 799 2512 explanatio
821 2426 959 2489 nominis
976 2421 1147 2502 Ὀδυσσεύς
1168 2428 1260 2494 nobie
1282 2430 1387 2514 magis

295 2529 467 2616 probatur,
499 2550 595 2615 quem
627 2550 710 2615 quae
744 2527 880 2592 verbum
913 2527 955 2591 nd
986 2529 1140 2595 norietum
1169 2526 1386 2598 ὀδύσσασθαι

297 2631 523 2719 applicandum
545 2654 616 2696 esse
637 2639 767 2697 censeat
788 2630 852 2717 (vd.
875 2653 905 2718 p.
928 2630 990 2716 66).

378 2738 539 2831 χθεσινός
561 2743 654 2832 (Luo.
676 2765 735 2830 pro
757 2743 847 2830 Jope.
873 2743 904 2828 1)
927 2751 959 2806 et
981 2738 1153 2828 ὑχθεσινός
1167 2744 1280 2830 (Anth.
1296 2745 1382 2831 Pal.)

295 2868 336 2914 ex
357 2847 512 2914 adverbio
532 2848 628 2935 χθές,
649 2846 748 2935 &putee
769 2847 839 2933 ipso
861 2847 1000 2911 formata
1020 2866 1091 2911 enee
1114 2846 1217 2913 oredo.

297 3053 347 3119 13.
397 3051 442 3116 m
473 3052 763 3119 conmesunn
792 3047 1142 3117 oounosmonnu
1172 3050 1316 3117 sunum
1347 3052 1387 3117 Σ

656 3152 900 3222 snnvmuu
922 3152 1017 3236 esu,

294 3291 372 3377 quin
399 3290 533 3356 alterum
563 3290 741 3355 membrum
767 3291 1007 3377 compositionis
1036 3310 1057 3355 o
1078 3295 1189 3357 autin
1210 3293 1301 3358 initio
1323 3302 1379 3357 eut

292 3395 327 3458 in
361 3395 452 3458 exitu
485 3393 628 3458 habebat
660 3404 693 3458 et
724 3394 799 3479 quio
827 3392 1039 3480 compositum
1070 3393 1242 3459 formatum
1264 3405 1313 3460 eet
1340 3417 1378 3460 eo

292 3508 435 3583 tempore
465 3518 528 3584 qno
558 3497 703 3581 sigmatis
731 3492 821 3560 elisio
850 3518 916 3561 non
939 3497 1011 3582 jum
1037 3496 1174 3562 volebat
1218 3497 1263 3563 Ut
1284 3499 1381 3583 igitur

293 3623 333 3666 eo
354 3603 532 3688 composita
554 3598 748 3683 omittamus,
770 3619 905 3689 quorum
920 3620 996 3686 pare
1010 3601 1099 3686 prior
1113 3622 1230 3666 nomen
1245 3602 1380 3667 aetionis

294 3714 343 3770 est
367 3715 424 3769 eut
446 3703 583 3785 speeiem
604 3702 743 3769 nominis
764 3705 899 3769 notionis
921 3702 1054 3789 praebet
1075 3705 1129 3790 (ef.
1153 3702 1289 3785 Oethotf,
1310 3727 1380 3768 ver·

293 3806 370 3872 bum
391 3828 423 3893 p.
448 3808 510 3872 169
532 3806 631 3893 sqq),
652 3806 792 3893 primum
815 3829 853 3872 ee
875 3805 1052 3888 afferimus,
1073 3808 1106 3872 in
1129 3828 1263 3893 quorum
1286 3816 1380 3894 porte

292 3911 400 3995 priore
421 3932 517 3976 cneus
538 3909 671 3995 quidem
691 3910 854 3975 invenitur
876 3908 1021 3974 nominis.

373 4016 569 4100 Ἀλοσ-ύὸνη
590 4020 738 4087 aOmtio
752 4021 860 4106 (er
875 4021 952 4102 638)
974 4030 1007 4086 et
1027 4040 1130 4108 nuper
1151 4020 1377 4087 altnunookio

291 4124 387 4210 (stud.
409 4124 443 4189 X
464 4124 518 4211 88)
547 4124 697 4190 eoribitur
720 4117 925 4207 Ἂλωισύθνη,
948 4124 995 4188 ito
1016 4134 1052 4189 ut
1072 4126 1253 4189 membrum
1272 4133 1376 4210 poste-

289 4229 357 4295 riue
382 4228 523 4296 redicem
545 4251 584 4292 eu
606 4228 777 4296 continent
822 4227 922 4293 Cuius
944 4229 1120 4293 sententiae
1142 4248 1274 4294 oausam
1296 4226 1377 4291 Our-
