3256 4822
686 268 897 339 ..73-

328 438 456 522 Pagina
490 440 533 506 55
570 440 795 530 exposuimus,
831 443 992 531 quomodo
1030 442 1182 510 suffixum
1215 446 1339 512 femini·

245 540 318 611 nale
355 536 406 609 -ιόι
441 565 499 630 per
535 546 797 611 assimilationem
834 571 848 612 ι
884 547 1029 629 amittat,
1071 547 1141 612 suff.
1178 548 1253 616 fem.
1291 553 1369 614 ια’

245 652 278 708 et
299 645 414 732 adject.
437 670 518 729 -ιος,
540 673 607 729 -ια,
629 672 696 714 -ιον
718 671 845 738 semper
867 674 880 714 ι
902 658 1040 714 servent.
1086 648 1186 715 Cuius
1208 652 1340 737 regulae

245 768 321 833 pars
343 749 432 833 prior
446 751 532 815 valet
546 752 652 832 etiam,
674 752 730 817 ubi
746 777 774 836 τ,
795 755 828 817 θ
843 774 1017 818 consonam
1032 750 1153 816 uasalis
1169 774 1234 818 non
1250 764 1340 819 ante-

246 850 346 929 cedit,
367 871 458 932 cum,
479 852 566 939 quod
588 853 730 936 videam,
753 857 832 942 affl)
855 861 889 930 -Ι-
911 854 985 938 suff.
1009 852 1045 920 ιᾶ
1067 876 1194 941 semper
1216 858 1339 921 assimi-

245 951 364 1018 latione
394 954 428 1019 in
457 973 500 1020 σσ
528 955 599 1043 (τι)
629 957 748 1022 abeant
778 959 834 1045 (cf.
866 979 966 1044 supra
994 979 1024 1043 p.
1057 957 1099 1023 56
1130 979 1176 1042 sq.
1204 967 1236 1021 et
1258 980 1341 1046 quae

247 1054 358 1121 Ascoli
381 1056 474 1122 affert
495 1060 528 1121 in
550 1069 642 1144 parte
665 1060 851 1126 Studiorum
873 1059 1066 1127 Criticorum
1088 1059 1161 1143 illa,
1188 1080 1272 1145 quae
1294 1063 1341 1126 in-

248 1157 398 1224 scribitur
408 1163 519 1246 „saggi
532 1160 667 1249 esser).
697 1161 820 1229 Contra
831 1187 889 1230 eae
901 1186 1005 1247 voces,
1022 1184 1105 1250 quae
1114 1163 1242 1250 plenam
1253 1163 1341 1228 illam

250 1261 517 1328 assimilationem
535 1287 598 1331 non
621 1267 803 1348 ostendant,
827 1267 971 1334 sednon
992 1275 1118 1335 mutent
1139 1267 1202 1332 nisi
1226 1290 1246 1332 τ
1267 1269 1301 1331 in
1315 1287 1342 1332 .σ

246 1365 280 1427 in
314 1364 459 1431 dialectis
489 1390 587 1455 supra
615 1369 757 1450 collatis,
786 1371 939 1436 excidunt
966 1372 1000 1435 in
1030 1375 1068 1436 -ᾶ
1093 1370 1171 1455 (q),
1206 1391 1341 1456 quorum

247 1466 346 1534 affero
374 1464 530 1558 ἀμφασίη
553 1472 651 1558 (Fick
674 1471 726 1535 Π*
749 1474 842 1559 162),
872 1469 1049 1559 ἀρτιμισία
1071 1473 1201 1558 (nomen
1224 1472 1342 1538 herbae

245 1570 436 1658 cuiusdam),
450 1567 683 1658 ἀνδροκτασίαι,
698 1573 887 1662 ὑποσχεσίη,
902 1572 1191 1661 montemurlo
1200 1576 1344 1664 (saepius

246 1674 393 1759 ναοτία),
415 1677 530 1756 ἱκεσία,
552 1679 728 1762 κυνηγεσία
749 1680 802 1762 (cf.
823 1677 860 1742 L.
876 1679 990 1764 Meyer
1004 1676 1037 1741 ΙΙ
1053 1677 1148 1763 485);
1178 1677 1272 1742 radix
1294 1686 1344 1742 est

248 1774 386 1840 obscura
408 1780 497 1842 vocis
520 1781 643 1845 καυσία
664 1782 710 1864 (v.
734 1803 832 1868 supra
854 1782 937 1846 καίοι
959 1802 989 1867 p.
1007 1780 1078 1867 16),
1107 1779 1171 1845 alia
1186 1780 1343 1845 eiusmodi

248 1881 485 1944 nominavimus
514 1901 546 1966 p.
576 1883 626 1946 71.
670 1882 734 1948 Per
765 1905 807 1951 σο
828 1884 982 1971 seriptum
1005 1905 1047 1948 ex
1069 1882 1215 1947 dialectis
1236 1883 1344 1948 attulit

249 1979 458 2046 Baunackius
487 1983 586 2067 (stud.
608 1983 643 2047 X
666 1987 742 2073 123)
773 1989 943 2071 ἱμασσίαν.
987 1985 1087 2050 Aliud
1116 2007 1219 2071 genus
1248 1987 1342 2050 huius

249 2082 451 2149 formationis
473 2097 608 2151 accentu
630 2097 662 2152 et
676 2092 806 2154 notione
822 2089 971 2154 differens
986 2110 1095 2154 rarum
1111 2101 1176 2154 ests
1198 2089 1343 2170 αἱμασιοὲ

247 2187 444 2272 „spinetum“
466 2189 520 2274 (of.
542 2185 640 2275 αἷμος
660 2204 881 2278 „quercetum,
903 2193 1076 2278 ilicetum“)
1100 2199 1145 2272 et,
1167 2192 1252 2277 quod
1275 2213 1341 2257 om·
1439 2227 1442 2233 ν

246 2291 324 2355 nino
340 2314 343 2320 ·
362 2292 595 2378 sejungendum
632 2295 774 2376 videtur,
810 2290 938 2381 αρασιοί
970 2296 1013 2381 (p.
1047 2295 1115 2381 61),
1154 2306 1229 2360 sunt
1260 2294 1341 2360 baec

247 2392 414 2459 collectiva
435 2395 488 2482 (cf.
509 2392 697 2484 ἀνθρακιά,
717 2391 896 2484 μορμηκιοὶ,
919 2399 1067 2485 enodari.)

333 2496 415 2562 Ourn
437 2509 544 2564 autem
568 2501 727 2587 adjectiva
748 2524 791 2566 ·ιο
813 2500 921 2565 suffixi
944 2521 1006 2586 ope
1027 2501 1166 2565 formata
1188 2522 1236 2584 ea,
1258 2521 1341 2587 quae

248 2600 391 2665 nasalem
420 2612 493 2667 ante
516 2626 537 2668 τ
552 2603 617 2689 (θ)
639 2603 775 2686 habent,
806 2625 971 2690 nunquam
993 2603 1088 2689 plena
1111 2604 1341 2669 assimilatione

246 2705 424 2769 formentur
459 2706 513 2791 (cf.
542 2702 745 2794 Ἀχερούσιος
779 2716 840 2773 cet.
875 2728 905 2793 p.
935 2708 1011 2792 55),
1045 2707 1200 2772 nonnulla
1235 2730 1341 2773 exem·

246 2806 310 2894 pla,
331 2806 386 2872 ubi
409 2806 449 2872 de
470 2811 510 2873 iis
533 2810 702 2896 adjectivis
723 2814 840 2896 agitur,
861 2814 895 2875 in
911 2808 1028 2895 quibus
1043 2808 1165 2874 nasalis
1181 2810 1341 2876 dentalem

246 2931 311 2975 uon
334 2911 511 2991 antecedit,
539 2912 601 2976 alio
624 2913 719 2977 modo
742 2914 898 2999 explicari
918 2934 983 2977 non
1005 2923 1156 2998 possunt,
1185 2934 1282 3000 quarn
1304 2924 1341 2979 ut

122 3078 127 3087 ,
247 3010 405 3092 dicamus,
432 3034 474 3078 σσ
496 3014 567 3100 (τι,
598 3016 632 3100 ο)
654 3017 687 3079 in
709 3018 750 3080 iis
770 3039 789 3081 e
812 3040 848 3091 t,
870 3018 902 3084 θ
923 3025 957 3094 -Ι-
971 3020 992 3101 j
1012 3027 1125 3081 uatum
1148 3038 1235 3095 esse,
1266 3027 1341 3081 suut

247 3108 342 3198 ὅσος,
362 3110 467 3190 πόσος
488 3113 626 3202 (κόσος),
648 3109 756 3202 τόσος,
776 3124 876 3205 μέσος
897 3127 931 3184 et
952 3119 1089 3185 fortasse
1108 3113 1216 3204 ρνσός.
1261 3120 1340 3202 Qui·

248 3217 382 3282 buscum
407 3219 434 3282 si
455 3240 680 3309 comparamus
702 3217 860 3298 πλούσιος
882 3223 951 3289 dor.
973 3217 1146 3304 πλούσιος,
1175 3220 1339 3300 ἐνιαύσιος

245 3321 313 3386 dor.
335 3317 517 3405 ὲνιαύτιος,
539 3321 691 3409 γνήσιος,
714 3317 913 3411 ἀμβρόσιος,
936 3325 1117 3391 differentia
1138 3326 1339 3392 formationis

244 3427 446 3512 conspicitur.
492 3425 598 3508 Quam
622 3428 665 3492 ad
686 3427 924 3514 explanandam
947 3430 1084 3494 fortasse
1101 3430 1245 3515 juvabit,
1269 3429 1337 3495 Sie-

245 3530 341 3592 versii
364 3527 460 3612 (Paul
486 3552 517 3595 u.
540 3513 698 3595 Braune's
724 3530 814 3597 beitr.
838 3531 867 3596 V
892 3533 953 3598 129
984 3534 1066 3619 sqq.)
1093 3532 1215 3616 legem,
1241 3553 1338 3617 quam

245 3629 287 3694 de
309 3630 425 3696 suffixo
441 3631 707 3717 Indogermanieo
730 3638 777 3700 -ιἀ
796 3637 914 3723 posuit,
936 3637 1136 3723 perquirere,
1164 3655 1237 3697 cum
1253 3635 1337 3697 enim

246 3733 298 3798 ille
319 3737 370 3800 vir
392 3734 505 3800 doctus
528 3736 682 3820 docuerit,
707 3739 741 3802 in
764 3737 900 3804 diversis
922 3739 1040 3824 linguis
1063 3737 1338 3821 Indogermanicis

244 3840 262 3902 ι’
281 3837 431 3902 suffixum
454 3839 545 3904 vario
567 3840 663 3905 modo
686 3843 830 3922 tractari,
851 3843 918 3907 sive
932 3841 1091 3928 producta
1107 3841 1175 3905 sive
1190 3849 1338 3926 correpta

245 3941 372 4027 syllaba
400 3941 587 4025 antecedat,
616 3945 754 4009 fortasse
776 3943 838 4009 hac
860 3944 1041 4010 differentia
1061 3944 1251 4033 quantitatis
1272 3944 1336 4008 for-

244 4045 394 4109 mationis
421 4045 600 4110 differentia
621 4057 733 4113 nostra
756 4049 922 4136 explanari
942 4057 1059 4134 potest.
1102 4047 1150 4113 Ne
1174 4056 1282 4112 autem
1304 4050 1338 4113 in

244 4147 306 4212 bac
326 4148 548 4235 disquisitione
570 4150 719 4238 exempla
737 4150 954 4233 admittamus,
977 4172 1061 4237 quae
1074 4152 1259 4217 recentioris
1275 4154 1347 4216 ori-

244 4252 328 4335 ginis
350 4261 437 4331 sunt,
459 4274 499 4316 ea
520 4252 670 4339 colligere
692 4275 823 4319 necesse
845 4262 910 4338 est,
932 4254 1050 4340 quibus
1071 4253 1230 4320 vocabula
1252 4255 1335 4320 eius·
