3256 4822
714 286 925 351 ..73-

275 447 449 538 ιιαστιιιός,
471 449 656 536 σἰσιιαστός,
680 449 856 532 donobrio
878 478 951 521 curn
966 455 1066 521 verbo
1081 452 1277 541 ἀσπάζομαι
1293 481 1366 523 con·

271 556 478 642 jungendum
502 566 549 621 est
571 557 625 641 (cf,
650 558 804 626 Dtintzer.
826 559 867 626 K.
890 559 928 628 Z.
951 558 1036 624 XIII
1059 561 1103 644 9).

360 658 440 724 Voci
464 660 645 736 ὲιιιδοιίσιος
660 660 755 746 (cau.
771 663 843 729 Jov.
860 665 912 747 59,
928 663 994 728 scii,
1010 658 1115 747 οἶκος)
1130 663 1274 728 radicem
1290 660 1367 728 datr

277 761 409 827 subesse
431 785 607 830 censemus.
838 850 842 856 Ι

362 865 412 930 De
434 866 580 955 ἀφέσιος,
602 864 753 951 moturos,
775 864 919 951 κτήσιος,
934 862 1056 950 λύσιος,
1071 863 1193 952 ῥύσιος,
1209 865 1370 951 συβόσιον

276 970 347 1037 sim.
381 969 419 1037 cf.
451 970 516 1055 ΑΙ)7
550 969 575 1060 ξ
602 972 661 1047 2ος
692 972 810 1057 quibus
842 971 1025 1036 addendum
1056 970 1183 1035 videtur
1208 967 1369 1038 Ἠλνσίον

277 1071 356 1157 (scil.
374 1072 509 1159 πεδίον),
525 1076 616 1139 cuius
631 1077 768 1141 formum
783 1077 969 1161 primariam
984 1074 1070 1139 Fick
1081 1074 1135 1160 (K.
1148 1073 1184 1141 Z.
1195 1074 1280 1139 XIX
1292 1076 1368 1161 251)

278 1185 369 1265 putat
391 1176 490 1241 fnisse
511 1173 690 1256 ἠλνθ-τιο,
718 1179 804 1242 unde
827 1201 867 1243 ex
889 1189 1000 1245 nostru
1023 1179 1181 1243 sententia
1204 1178 1370 1243 oriendum

277 1288 346 1344 erat
377 1275 545 1363 ἡλνσ-ιιο;
575 1300 640 1365 que
671 1281 710 1344 de
740 1303 840 1346 causa
870 1280 930 1347 boc
956 1280 1149 1347 vocabulum
1173 1282 1215 1347 ad
1239 1283 1370 1368 stirpem

279 1379 352 1461 ἡλν-
375 1382 478 1447 resero
502 1382 555 1467 (cf.
579 1384 812 1469 upon-diveon
834 1386 916 1473 cet).

360 1485 414 1550 Ex
444 1485 612 1572 adjectivis
645 1486 678 1548 in
707 1510 818 1563 -ωσιος
840 1487 920 1575 (Aty
949 1512 979 1576 p.
1011 1489 1066 1574 30)
1086 1483 1272 1569 Ὀρθώσιος
1294 1510 1368 1553 oon-

272 1590 432 1674 jungatur
448 1611 578 1654 necesse
594 1598 642 1653 est
657 1611 729 1654 cum
746 1586 871 1676 ὀρθόω,
886 1589 1051 1676 boeotos,
1068 1586 1227 1675 ὀρθωιήρ
1241 1590 1369 1675 (Pind.).

275 1690 483 1757 Obscurioris
506 1694 639 1778 originis
662 1702 711 1758 est
726 1686 867 1769 ἐτώσιος.
905 1694 939 1759 Si
957 1703 1062 1759 autern
1074 1695 1149 1781 jure
1165 1692 1245 1758 EbeI
1262 1694 1315 1778 (Κ.
1330 1694 1369 1763 Ζ.

276 1793 306 1857 V
338 1795 381 1858 69
410 1818 467 1882 sq.,
491 1796 538 1860 VI
573 1797 650 1882 209)
681 1799 753 1872 ἔτος
783 1797 943 1878 „frustrs“
975 1799 1176 1884 comparavit
1197 1818 1269 1861 cum
1293 1819 1370 1863 sscr.

275 1911 396 1963 cna-tue
426 1904 581 1985 ‚,sponte“
612 1909 761 1987 recteque
792 1899 867 1963 huic
895 1900 1027 1975 ὲτώσιος
1057 1900 1272 1987 adjiciendum
1298 1922 1370 1964 esse

280 2002 413 2082 censuit,
436 2023 494 2066 nos
516 2025 584 2067 rem
607 2004 653 2067 ita
676 2001 852 2090 explanare
874 2001 1018 2082 velimus,
1035 2011 1072 2067 ut
1087 2005 1216 2090 stirpem
1232 2003 1371 2068 fortasse

278 2104 422 2169 adverbii
452 2107 520 2170 Ioco
553 2106 731 2171 adhibitam
759 2105 918 2191 ινα-τῶνα)
947 2128 1122 2191 ponamus,
1151 2129 1192 2170 ex
1219 2129 1284 2194 qua
1314 2106 1370 2170 ad·

271 2209 428 2293 jectivum
450 2217 629 2285 ofetwuoc
651 2210 824 2273 formatum
847 2209 905 2287 sit,
934 2208 1020 2272 unde
1043 2231 1083 2273 ex
1105 2209 1225 2294 regulis
1248 2209 1369 2296 phone-

276 2311 347 2374 ticis
377 2302 521 2386 ἑτῶσιος.
565 2311 716 2375 Ceterum
746 2311 884 2393 vestigia
908 2311 1060 2395 digammi
1084 2312 1170 2399 apud
1194 2311 1369 2377 Homerum

277 2420 408 2477 exstant
429 2412 483 2495 (cs.
506 2405 538 2483 Ξ
556 2415 630 2496 407,
652 2414 686 2478 X
708 2416 781 2494 292,
800 2440 822 2499 χ
845 2414 908 2478 256
930 2417 1002 2499 oet.)

362 2517 539 2590 ὲνθονσιος
569 2516 668 2599 (unde
702 2512 923 2602 ἐνθουσιάζω)
955 2539 974 2581 ο
1002 2519 1101 2604 stirpe
1129 2519 1220 2583 vocis
1252 2519 1368 2591 ἔνθεος

278 2617 456 2683 derIvetum
481 2619 615 2683 videtur.

363 2728 401 2785 In
427 2741 527 2785 -υσιο-
556 2720 672 2787 deinde
695 2710 822 2806 praeter
839 2717 1001 2789 Ἠλύσιον
1024 2721 1176 2788 excidunt
1197 2713 1367 2796 θαλύσιος

278 2837 309 2889 et
330 2824 423 2890 Hom.
448 2820 598 2905 τηΰσιος,
629 2847 765 2911 quorum
795 2834 965 2912 utrumque
988 2824 1217 2911 perobscurum
1241 2833 1371 2887 estnec

279 2950 339 2992 nos
375 2928 453 2992 certi
487 2928 661 3013 quidquam
696 2928 738 2992 nd
774 2928 976 2993 difficultates
1009 2928 1227 3016 expediendas
1257 2926 1370 2991 afferre
1404 2995 1405 2998 ,

279 3033 407 3098 scimus.
452 3031 503 3094 Ac
524 3031 624 3096 verbo
656 3027 790 3110 τηΰσιος
812 3031 986 3116 respondet
1006 3032 1110 3096 Iorrna
1134 3029 1247 3104 ιιῦσιος
1269 3028 1370 3114 (apud

279 3134 414 3220 Ibycum
438 3136 469 3198 in
486 3134 538 3200 Et.
556 3134 626 3220 M.);
641 3134 726 3221 qnod
744 3143 852 3197 autem
869 3133 907 3201 G.
923 3134 1036 3219 Meyer
1052 3134 1107 3219 (K.
1124 3133 1160 3199 Z.
1174 3131 1277 3197 XXII
1292 3131 1370 3214 488)

278 3237 414 3301 formam
439 3232 573 3313 ιηῧσιος
594 3260 666 3302 curn
690 3236 852 3322 adjectivo
868 3235 1076 3321 Hesychiano
1094 3230 1298 3318 τούςμέγας,
1312 3255 1371 3297 rso·

279 3338 337 3415 λύς
359 3339 620 3425 conjungendum
642 3361 713 3402 esse
735 3347 859 3417 censet,
881 3339 960 3402 mihi
984 3339 1115 3404 dubium
1138 3336 1274 3415 videtur,
1296 3336 1371 3422 quia

279 3443 341 3506 hae
371 3443 517 3507 notiones
546 3443 651 3504 minus
682 3438 723 3504 ed
755 3442 916 3504 notionem
947 3444 1056 3521 „vani“
1085 3439 1262 3526 quadrant,
1288 3461 1371 3525 quas

280 3556 329 3610 est
357 3546 447 3611 vocis
476 3538 610 3621 τηΰσιος
639 3542 748 3626 (Hom.
777 3566 799 3626 y
825 3544 905 3625 316,
935 3567 953 3608 o
983 3546 1032 3609 13.
1077 3542 1125 3606 Os.
1149 3566 1180 3629 p.
1203 3542 1273 3625 89);
1303 3542 1371 3604 θα-

279 3649 394 3723 λύσιος
416 3656 524 3713 eutem
547 3647 654 3734 (panis
670 3645 814 3710 Demetri
838 3646 1068 3724 sacrificatum
1085 3645 1150 3712 soil.
1166 3641 1279 3729 ἄρτος)
1295 3664 1370 3727 cog-

279 3762 391 3816 natum
414 3751 543 3816 videtur
565 3771 637 3813 cum
660 3748 759 3813 verbo
774 3744 906 3830 edito,
928 3749 985 3812 sed
1008 3748 1095 3835 quod
1117 3770 1233 3812 nomen
1258 3745 1382 3825 subsitf

279 3876 344 3918 non
367 3854 567 3940 perspicitur.

366 3956 514 4040 Denique
536 3954 694 4020 vocabula
718 3955 814 4019 affero
836 3976 939 4040 nuper
962 3976 981 4019 a
1003 3951 1194 4018 Baunackio
1210 3951 1307 4036 (stud.
1323 3950 1371 4034 X)

280 4060 427 4140 collecta,
456 4080 539 4144 quac
568 4080 626 4145 per
657 4076 701 4123 σσ
729 4058 849 4143 scripta
879 4066 971 4139 sunt,
1001 4048 1180 4143 ippoc'oococ
1210 4054 1253 4141 (p.
1287 4052 1370 4139 125),

278 4154 549 4246 σἰιιοσιιγοὶσσιος
571 4162 615 4249 (p.
640 4161 725 4245 124).

365 4263 489 4329 Multos
511 4264 668 4329 eiusmodi
689 4284 785 4328 voees
806 4262 1002 4327 recentiores
1017 4284 1038 4326 τ
1054 4268 1276 4342 servaverunt·
1289 4279 1372 4346 quse
