3256 4822
667 268 880 332 ..57-

314 433 435 527 πρόσω,
446 441 588 523 πρόσσω,
599 460 682 526 quae
693 437 941 519 rectetl'icldl³
954 436 1029 519 145)
1041 459 1062 502 a
1073 426 1205 515 πόρσω,
1212 434 1326 521 πόρρω

231 548 378 636 sejuncta
398 544 567 626 videntur,
589 564 607 607 e
629 542 734 608 forma
757 541 912 628 primaria
933 544 1108 626 προ-η’ωτ
1131 537 1325 604 derivamus.

315 648 441 714 Eodem
456 645 552 712 modo
567 644 674 712 ὀπίσω
691 668 741 732 ep.
754 644 882 713 ὀπίσσω
898 645 1069 731 explicem,
1081 664 1099 708 e
1113 641 1225 708 formis
1240 641 1325 706 enim

231 753 389 834 ὄπισθεν,
410 751 537 817 ὄπιθεν
558 748 690 834 stirpem
713 744 785 816 ὀπι-
807 748 1036 827 concludimus,
1058 768 1100 811 ex
1121 768 1186 833 qua
1210 745 1325 810 adver-

231 858 321 923 bium
343 855 517 922 formatum
540 851 582 918 sit
603 850 769 938 ‹ias-rjus.

316 959 443 1044 βωσσός
450 957 559 1045 (Gra⁴
569 957 656 1041 466),
663 953 810 1040 ἄβυσσος
821 961 961 1040 cognata
967 954 1040 1019 voci
1052 952 1167 1036 βυθός
1175 950 1325 1017 habenda

234 1069 325 1142 sunt,
355 1060 492 1126 formam
512 1062 611 1146 igitur
634 1059 823 1146 primariam
845 1059 996 1144 ponimus
1018 1079 1076 1144 per
1097 1054 1143 1139 ej
1164 1054 1327 1141 scriptam.

322 1157 468 1250 σάρισσα
490 1164 631 1250 (praeter
651 1158 790 1250 σάρῖσα)
805 1164 848 1229 ab
863 1161 995 1228 Ascolio
1011 1160 1065 1243 (Κ.
1081 1159 1120 1229 Ζ.
1135 1158 1235 1226 XVII
1249 1158 1327 1243 408)

236 1267 380 1334 eforma
407 1268 519 1334 nativa
549 1267 719 1352 escesdja
741 1265 927 1348 deducitur,
950 1287 1032 1352 quae
1056 1285 1098 1328 ex
1120 1269 1186 1346 got
1209 1263 1327 1342 suotrd,

237 1392 336 1458 germ.
357 1382 440 1438 encre
461 1372 612 1438 conclusa
636 1379 695 1436 est.
740 1371 834 1453 Quae
852 1377 960 1434 tamen
974 1390 1040 1433 vox
1055 1366 1156 1447 nobis,
1172 1368 1327 1452 quianon

235 1475 398 1541 invenitur
423 1474 487 1540 nisi
515 1473 604 1561 apud
633 1481 713 1560 post.
737 1472 836 1559 (Pol,
867 1471 961 1555 Plut,
984 1471 1094 1557 Luc),
1118 1492 1159 1535 ex
1189 1469 1326 1536 dialecto

235 1579 341 1644 aliena
363 1577 533 1665 desumpta
554 1576 692 1642 videtur.

318 1680 457 1768 χρυσός,
486 1680 574 1767 quod
603 1701 644 1745 ex
672 1679 793 1745 usitata
822 1680 947 1744 natione
968 1675 1152 1764 explicandi
1173 1676 1326 1743 hocloco

237 1785 441 1852 mactandum
456 1793 516 1865 est,
529 1782 723 1849 translatum
738 1783 845 1872 potius
860 1802 931 1847 esse
945 1780 1085 1865 elingua
1097 1780 1249 1847 Semitica
1260 1801 1326 1845 ore-

239 1889 345 1954 dimus
367 1910 440 1954 cum
461 1889 549 1973 Aug.
570 1885 706 1953 Mullero
725 1886 841 1971 (Bene.
862 1884 956 1951 beitr.
977 1883 994 1948 I
1016 1884 1104 1969 299).

324 1988 425 2068 ὑσσός
446 1991 623 2079 ,jaculum‘
644 2012 718 2056 cum
738 1988 885 2076 Benfeyo
908 1987 938 2075 (Ι
959 1988 1037 2075 680)
1058 2010 1131 2054 cum
1153 1990 1221 2056 rad.
1240 1990 1328 2076 yudla

239 2092 389 2182 (ὑσμίνη)
412 2096 647 2183 conjungimus,
669 2093 717 2160 ita
738 2101 774 2159 ut
788 2093 893 2158 torma
907 2092 1061 2180 primaria
1075 2093 1173 2160 fuerit
1186 2091 1284 2180 ddje-
1300 2117 1326 2169 ς.

324 2198 463 2264 Nomina
491 2198 624 2286 propria
654 2198 689 2262 in
716 2215 848 2277 -ασσος,
879 2215 993 2276 mosoc
1021 2205 1058 2262 ut
1078 2195 1330 2283 Ἆλωιαρνασσός

238 2325 303 2369 non
327 2323 366 2367 eo
386 2301 482 2368 modo
502 2299 639 2388 explico,
654 2321 718 2386 quo
733 2298 878 2367 Cauenus
894 2299 992 2385 (stud.
1007 2298 1090 2367 VIII
1105 2299 1178 2381 284,
1193 2306 1258 2367 not.
1273 2300 1328 2385 26)

236 2406 322 2473 fecit.
355 2402 618 2492 Ἃλικαρνατίων
639 2405 724 2468 enim
738 2402 818 2468 illud
831 2424 897 2469 non
911 2403 1018 2468 minus
1032 2402 1085 2488 (cf.
1101 2402 1183 2470 stud.
1201 2403 1230 2468 V
1245 2402 1330 2487 264),

238 2531 335 2596 quam
364 2508 420 2577 lin.
451 2509 491 2573 13
514 2506 779 2592 Σαλμακιτίων,
807 2527 925 2572 nomen
955 2506 1132 2573 incolarum
1153 2529 1224 2572 esse
1247 2506 1329 2571 duco

241 2619 273 2677 et
295 2633 368 2677 eum
391 2612 492 2698 stirpe
515 2609 610 2675 huius
632 2609 757 2676 formae
778 2608 950 2676 cohaerere
972 2633 1090 2677 nomen
1111 2610 1216 2691 urbis,
1237 2610 1329 2674 cuius

238 2716 342 2782 forma
372 2714 536 2803 primitiva
554 2709 832 2799 ‘Alcumenas-jou
853 2713 982 2780 videtur
1002 2715 1122 2798 fuiss03
1143 2714 1229 2780 unde
1246 2710 1330 2779 ‘Att-

239 2814 700 2905 καρωασσός,14λικαρνησσός
722 2824 801 2882 nata
822 2839 893 2883 esse
915 2826 1010 2884 etex
1032 2818 1082 2884 his
1104 2839 1225 2884 novum
1243 2818 1330 2883 inco·

241 2921 345 2985 larum
361 2942 478 2986 nomen
489 2916 754 3005 Ἀλικαρνάσσιοι
770 2920 816 3008 (η)
833 2922 1004 3003 exstitisse,
1020 2921 1106 3008 quod
1121 2944 1180 3009 per
1195 2919 1331 3008 simplex

241 3044 368 3110 quoque
391 3043 412 3089 σ
440 3024 594 3110 scriptum
615 3021 785 3090 invenitur.
831 3024 867 3090 Si
888 3031 996 3090 autem
1018 3023 1127 3091 Canen
1147 3032 1234 3090 reete
1255 3044 1329 3089 con-

240 3126 370 3207 tendat,
401 3127 593 3213 scripturum
619 3148 678 3214 per
705 3150 747 3191 ττ
776 3148 841 3193 non
862 3128 1013 3216 reperiri,
1036 3128 1078 3195 ab
1100 3129 1163 3194 hac
1183 3147 1264 3193 voce
1284 3135 1332 3193 tot

241 3229 323 3296 aliae
346 3229 548 3317 separandae
571 3229 645 3311 sint,
666 3251 803 3316 quarum
826 3231 945 3298 suffixa
967 3242 1106 3317 cognata
1120 3254 1191 3299 esse
1205 3252 1331 3311 censeo,

235 3329 457 3418 Ἆμαμασσός,
475 3327 643 3412 Ἆσσησός,
664 3332 843 3413 Βαίησσός
864 3342 925 3401 cet.
948 3335 1001 3415 (cf.
1023 3335 1157 3403 Lobeck
1179 3334 1330 3419 Prolego·

240 3459 335 3502 mena
355 3458 386 3523 p.
408 3436 472 3503 408
496 3436 587 3523 sqq),
609 3456 745 3522 quorum
761 3435 825 3503 duo
841 3439 969 3526 quidem
985 3438 1090 3505 boeot.
1106 3437 1332 3517 Μυκαληττός

241 3549 273 3606 et
295 3548 351 3608 att.
369 3532 532 3625 Ὑμηττός
553 3561 611 3626 per
634 3561 674 3602 ττ
698 3539 820 3626 scripta
841 3549 980 3610 exstant.
1022 3542 1197 3608 Praeterea
1213 3538 1332 3607 Caneri

240 3641 427 3729 explicatio,
460 3643 536 3708 oin
557 3641 608 3706 his
632 3640 766 3708 vocibus
789 3665 830 3707 ex
851 3667 872 3708 τ
894 3643 979 3729 (sine
993 3648 1027 3730 j)
1048 3653 1161 3709 natum
1183 3664 1270 3726 esse,
1293 3665 1332 3710 eo

239 3747 275 3810 in
304 3743 438 3810 dubium
461 3753 608 3825 vocatur,
629 3743 717 3831 quod
746 3744 814 3811 fere
843 3768 970 3833 semper
995 3766 1054 3833 per
1076 3765 1119 3812 σσ
1140 3745 1331 3815 scribuntur.

325 3846 492 3934 Denique,
521 3856 558 3913 ut
586 3849 621 3912 in
649 3845 705 3913 illa
732 3848 908 3935 particula,
933 3850 968 3914 in
989 3870 1054 3936 qua
1075 3870 1234 3915 consonas
1257 3872 1277 3916 ν
1297 3859 1331 3928 -Ι-

240 3950 321 4016 dent.
352 3961 388 4032 -ί-
409 3954 430 4036 j
458 3952 647 4038 conjunctas
677 3949 907 4016 assimilatione
935 3951 968 4015 in
999 3971 1020 4017 σ
1051 3959 1192 4017 mutatas
1214 3960 1330 4018 tracta-

239 4053 364 4133 vimus,
396 4051 443 4117 ita
471 4052 524 4118 hic
550 4075 703 4119 numerus
726 4052 961 4140 adjectivorum
983 4054 1197 4121 nominandus
1219 4065 1277 4138 est,
1297 4057 1333 4122 in

241 4156 415 4242 quibus-ej
434 4165 468 4234 -1-
491 4181 553 4223 coo.
577 4179 641 4223 non
664 4157 699 4222 in
721 4175 764 4222 σσ
785 4156 849 4243 (ss,
872 4157 906 4244 σ)
928 4156 1087 4241 obierunt,
1102 4156 1158 4223 sed
1173 4178 1208 4224 σι
1221 4168 1255 4232 -Ι-
1269 4182 1331 4225 ooo.

241 4260 275 4323 in
289 4259 482 4346 quibusdam
497 4258 644 4326 dialectis
658 4259 792 4329 exstitit.
822 4261 916 4344 Quae
931 4260 992 4327 sub
1003 4283 1092 4331 num.
1124 4261 1165 4326 10
1175 4261 1331 4333 tractabo.

463 4532 476 4573 t
