3256 4822
622 295 884 359 ...19-

320 462 376 548 10)
399 466 544 548 ὲορμένος
559 461 668 548 (Hom.
684 483 706 528 ο
719 464 805 550 296),
827 471 917 552 ἔερτο
932 464 965 551 (ο
980 465 1066 551 460),
1087 466 1172 556 draps
1186 467 1237 554 (K
1248 468 1325 554 499)

233 587 273 628 ex
295 569 462 651 ἐσερμενος
484 573 543 631 eet.

318 667 428 732 Causa
458 667 571 733 eadem
599 678 662 750 est,
693 669 766 753 ubi,
797 669 883 755 quod
914 669 1030 736 dieitur
1061 668 1097 735 ἀ·
1120 674 1325 760 privativum,

233 794 292 860 pro
316 767 386 837 ἂν·
410 779 485 835 ante
507 770 667 836 voeabula
688 773 860 854 iuvenitur,
882 794 1017 858 quorum
1039 774 1144 861 prima
1161 776 1255 842 litera
1269 801 1323 843 vo-

232 876 311 940 calis
334 897 405 940 esse
426 873 570 967 videtum
602 876 764 940 uexoidit
786 897 827 941 ex
848 876 899 940 bis
921 875 1075 940 vocibus:
1325 931 1327 935 ,

319 979 373 1063 11)
395 977 499 1054 ἄατος
521 977 612 1069 (Hes.
643 978 748 1063 theog.
772 978 850 1063 814)
880 1001 920 1043 ex
950 975 1090 1061 άσατος;
1118 981 1204 1066 quod
1227 1004 1322 1049 vooa-

233 1081 344 1146 bulum
376 1081 416 1146 de
445 1080 554 1145 radice
582 1106 622 1146 av
648 1081 816 1165 deducere,
838 1090 969 1170 propter
990 1080 1051 1146 hoc
1072 1082 1177 1169 ipsum
1200 1080 1236 1151 6-
1258 1108 1324 1151 non
1375 1129 1378 1134 -

233 1184 308 1249 lieet
328 1184 382 1270 (of.
405 1184 443 1253 L.
466 1184 588 1271 Meyer,
609 1184 650 1248 Κ.
673 1185 711 1253 Ζ.
733 1183 836 1248 XXII
857 1185 921 1249 469
944 1184 1005 1270 sq.)

277 1290 298 1369 's
320 1288 375 1375 12)
397 1283 572 1363 ἀ-έὸνωτος
592 1310 633 1370 ,,ο
655 1286 741 1352 nullo
763 1288 878 1352 marito
901 1286 1035 1366 donata,
1057 1310 1120 1352 non
1144 1294 1283 1376 sponsa“
1304 1315 1322 1356 e

232 1392 299 1456 rad.
323 1391 414 1456 efud
433 1390 612 1475 derivatum
636 1412 706 1454 esse
728 1390 856 1455 videtur
877 1389 932 1477 (ef.
958 1390 1052 1456 (ira.⁴
1076 1392 1163 1478 228).

317 1494 371 1580 13)
394 1487 521 1568 ἄϋπνος
544 1516 584 1556 ex
606 1488 789 1572 bosamen.

315 1596 370 1662 Ad
398 1596 479 1660 baec
507 1605 674 1682 praeterea
704 1594 881 1684 compluria
902 1596 1003 1661 verbu
1024 1598 1217 1682 nominaque
1240 1598 1321 1685 adji-

230 1703 375 1783 ciuntur,
404 1720 488 1786 quas
518 1700 568 1764 vsl
598 1700 785 1788 praefixis*)
815 1699 866 1765 vel
889 1697 1140 1785 reduplicatione
1162 1700 1213 1765 vel
1236 1723 1323 1766 oom-

229 1805 388 1891 positione
414 1803 554 1869 formata
583 1812 667 1872 sunt.
712 1802 786 1883 Qua
803 1804 847 1867 ,in
877 1825 913 1866 re
934 1812 1042 1868 tamen
1064 1804 1242 1868 cavendum
1265 1815 1323 1889 est,

229 1929 271 1971 ne
292 1907 404 1972 formis
426 1915 620 1973 vetustatem
642 1905 874 1988 adscribamus,
896 1903 979 1991 quas
998 1906 1228 1992 posterioribus
1243 1918 1320 1973 tem·

231 2009 362 2096 poribus
385 2017 481 2074 natae
503 2032 574 2075 esse
596 2018 747 2098 possunt;
775 2011 821 2075 sic

312 2109 512 2199 Ἀντίοχος,
536 2108 745 2199 Ἀστύοχος,
767 2108 939 2199 γαιήοχος
961 2122 1019 2177 oet.
1042 2134 1083 2177 ex
1102 2108 1323 2200 Ἀντι-σοχος

229 2224 286 2283 oet
310 2224 381 2280 orta
403 2237 473 2278 esse
495 2225 639 2301 possunt,
662 2216 719 2280 sed
741 2236 814 2280 oum
833 2206 1063 2301 Θρασοοὶλκης
1085 2216 1213 2280 vocales
1223 2217 1322 2303 juxta

227 2319 350 2405 positas
378 2318 549 2405 praebeat,
578 2318 634 2384 ubi
662 2317 752 2383 nulia
781 2319 908 2405 spirans
936 2318 1106 2398 exciderit,
1133 2306 1322 2407 Ἀστύοχος

230 2442 258 2489 e.
287 2442 337 2505 gr.
365 2422 461 2486 etiam
492 2436 534 2484 ex
563 2422 661 2507 stirpe
690 2418 789 2486 ἀστο-
820 2429 852 2485 et
883 2419 1086 2487 substantivo
1113 2413 1197 2508 ὄχος
1217 2431 1324 2510 potest

229 2523 400 2588 formatum
424 2545 502 2589 esse.

318 2630 371 2716 14)
398 2620 496 2704 ἄοζος
522 2627 763 2708 „vioti1narius“
792 2625 950 2693 vocabulo
973 2628 1110 2692 fortasse
1132 2625 1238 2692 forma
1258 2629 1324 2714 pri·

231 2731 334 2795 maria
356 2741 427 2795 erat
448 2725 623 2815 duod-joe
646 2730 743 2811 (Van.
769 2731 851 2796 1013
875 2735 935 2816 sq.)
985 2736 990 2741 ”

318 2835 370 2913 15)
393 2833 456 2915 ἄορ
478 2855 519 2897 ex
541 2829 650 2918 dofop
665 2832 773 2914 (Gra.⁴
787 2833 862 2913 356)
886 2831 1018 2897 dubium
1041 2841 1106 2914 est;
1137 2832 1221 2896 Fiok
1238 2834 1323 2897 enim

233 2935 281 3022 (1³
301 2935 380 3020 212)
403 2945 575 3023 comparat*
589 2957 687 3019 germ.
710 2941 798 3001 wari.
942 3002 946 3013 ,

320 3038 374 3122 16)
403 3033 570 3123 ἀοσσητήρ
592 3037 631 3106 G,
655 3038 787 3103 Curtius
808 3035 916 3123 (Grz.⁴
937 3037 1015 3125 454)
1037 3038 1156 3122 optime
1179 3062 1197 3103 e
1218 3039 1322 3106 forma

232 3132 441 3227 obruam-unp
464 3140 637 3223 derivavit,
665 3143 712 3206 ita
733 3149 770 3205 ut
791 3138 886 3204 radix
909 3141 950 3205 sit
972 3162 1032 3208 οοκ
1054 3141 1202 3226 ‚‚sequi“;
1236 3143 1321 3229 apud

230 3243 429 3330 Hesychium
465 3245 672 3309 inveniuntur
704 3253 871 3332 praeterea
904 3237 1066 3331 ὲοσσητήρ
1100 3252 1131 3308 et
1160 3241 1323 3331 ὀσσητήρ;

228 3346 380 3413 Mosohos
403 3346 463 3434 (IV
487 3348 562 3434 110)
584 3347 719 3435 praebet
740 3346 873 3412 verbum
898 3343 1033 3416 ἆοσσέω.

220 3486 224 3507 ι
314 3448 365 3515 De
397 3444 460 3535 ὅαρ
490 3450 532 3517 of.
559 3475 589 3536 p.
612 3453 649 3535 ὃς
679 3473 763 3537 quae
784 3449 987 3517 Vanidekius
1017 3457 1185 3537 praeterea
1214 3449 1322 3513 attulit

229 3551 273 3637 (pr
306 3554 388 3618 1225
421 3554 497 3639 sq.),
531 3574 596 3617 non
627 3553 846 3639 probabiliora
880 3562 954 3619 sunt
983 3552 1036 3638 (of.
1068 3552 1152 3618 Fiok
1178 3552 1229 3615 11³
1259 3551 1322 3617 246

229 3648 364 3741 ἀορτήρ,
384 3648 499 3741 ἀορτή,
519 3660 679 3740 μετέωρος
701 3656 774 3742 oet).

315 3757 369 3842 17)
400 3758 549 3846 Denique
579 3758 754 3824 secundum
784 3758 822 3822 L.
851 3759 1018 3846 Meysrum
1040 3756 1319 3844 (Bezzenbergers

227 3857 318 3925 beitr.
339 3858 356 3923 Ι
379 3861 457 3943 310)
480 3867 886 3947 1'r2pusxuaunpsnatum
908 3861 1089 3949 putandum
1112 3870 1174 3941 est,
1203 3860 1243 3927 of.
1265 3882 1321 3925 au-

210 3970 290 4057 iam
313 3961 406 4029 Gra.⁴
428 3965 500 4030 403.

313 4202 343 4272 1)
361 4201 476 4257 Formas
494 4219 558 4257 eum
577 4201 607 4254 d·
627 4203 795 4272 prosthetieo
812 4202 979 4257 omittendae
997 4202 1077 4267 runt,
1100 4201 1165 4270 quia
1181 4199 1210 4255 in
1227 4201 1260 4256 iis
1276 4218 1324 4257 vo-

227 4285 291 4340 oslis
311 4305 367 4342 non
379 4290 445 4343 anto
458 4288 628 4344 emissionem
640 4289 784 4359 spirantis,
795 4289 843 4344 sed
855 4306 911 4344 uns
924 4307 987 4343 eum
999 4289 1050 4343 bae
1063 4291 1125 4343 orta
1136 4303 1194 4341 esse
1206 4287 1321 4343 videtur.

1104 4375 1123 4431 2
1132 4376 1151 4412 a
