3256 4822
718 240 927 304 ..30-

276 408 412 473 verbum
444 409 511 474 fere
542 430 609 475 non
639 407 757 493 legitur
786 410 848 474 nisi
878 408 965 496 apud
987 410 1127 490 Atticos,
1150 409 1204 495 qui
1227 417 1258 473 et
1280 399 1370 473 xloiu

282 510 408 596 „ploro“
431 537 444 575 ι
466 512 593 599 abjecto
624 520 656 577 et
684 516 804 597 τρὲσω,
833 514 947 597 ἔτρεσα
969 515 1047 600 (non
1069 537 1141 579 oum
1165 512 1219 597 oo)
1242 511 1369 589 dicunt3

278 614 365 702 apud
388 614 488 680 lones
512 615 609 679 semel
632 613 799 700 (Hippocr.
821 613 873 679 ΙΙΙ
895 617 972 703 290)
994 618 1111 702 legitur
1133 617 1219 706 δρῆν.

363 718 537 782 Praeterea
558 716 767 782 Leskienium
790 719 834 804 (p.
859 719 935 806 101)
957 742 1094 808 sequens
1117 720 1180 784 duo
1196 717 1367 802 adjectiva:

278 813 441 900 πετεηνός,
470 816 630 906 ἁμενηνός
658 842 731 885 cum
761 820 858 885 sacris
879 829 916 887 ut
936 824 1124 888 salma-dua·
1146 818 1371 908 conjungenda

278 945 337 1010 per
359 924 504 1007 sigmatis
526 923 689 988 elisionem
711 932 790 989 nata
812 946 883 989 esse
905 935 991 1012 puto.

554 1177 579 1231 3.
615 1175 760 1230 STIRPES
779 1177 817 1230 IN
835 1181 887 1230 ·ΙΣ
902 1176 1096 1232 GADENTES.

365 1315 437 1380 Has
474 1322 613 1379 statuere
647 1315 780 1380 audacis
814 1338 886 1381 esse
914 1315 1056 1396 videtur,
1085 1337 1156 1381 cum
1188 1318 1221 1381 in
1252 1315 1369 1399 linguis

280 1420 468 1505 propinquis
488 1440 563 1483 raro
585 1419 715 1483 obviam
734 1419 843 1504 sintii),
858 1418 976 1485 nedum
991 1420 1197 1485 inveniantur
1211 1421 1244 1483 iu
1259 1418 1370 1502 lingua

281 1522 417 1589 Graeca.
462 1521 527 1588 Sed
548 1521 660 1586 formis
683 1522 949 1610 superlativorum
972 1531 1008 1587 ut
1028 1529 1211 1608 μέγ-ισ-τος
1231 1530 1289 1585 cet.
1306 1523 1370 1585 suf-

280 1625 380 1689 fixum
406 1646 454 1691 -ισ
475 1627 682 1712 conjunctum
703 1646 776 1689 cum
799 1625 892 1709 signo
915 1627 1101 1711 superlativi
1123 1649 1190 1691 -το·
1212 1627 1294 1689 inest
1315 1624 1369 1709 (cf.

281 1727 467 1794 Schleicher
489 1731 609 1814 comp.3
629 1728 715 1813 472).
759 1728 932 1794 Praeterea
954 1750 1017 1815 quo
1040 1730 1111 1815 jure
1126 1729 1208 1794 Fick
1230 1727 1371 1812 (11228)

281 1832 415 1897 verbum
439 1822 652 1915 αἰσθάνομαι
673 1852 715 1894 ex
729 1829 812 1896 olfac
825 1839 860 1908 ψ
874 1830 974 1912 lera
988 1834 1200 1918 compositum
1214 1853 1284 1896 esse
1300 1852 1372 1895 cen·
1425 1821 1438 1834 “

281 1939 355 2019 suit,
371 1935 483 2000 eodem
499 1955 558 1997 nos
572 1935 605 1998 in
621 1933 756 1998 eandem
772 1933 904 2020 stirpem
922 1930 1149 2002 o’rftoverbum
1161 1931 1223 2000 dcto
1234 1934 1371 2015 „sentio‘

280 2039 462 2104 reducimus
490 2059 535 2102 eux
560 2033 681 2121 olfroy'o
702 2045 822 2102 natum.
867 2037 960 2118 Quae
980 2045 1095 2103 nostra
1117 2039 1275 2103 sententia
1295 2057 1371 2101 con·

278 2142 440 2206 firmatur,
461 2132 566 2205 forma
593 2139 780 2205 Herodotea
806 2136 977 2217 trs-oiluvos
1003 2142 1051 2227 (ΙΙ
1082 2142 1176 2229 119);
1205 2150 1371 2226 praeterea

281 2245 419 2309 fortasse
441 2251 528 2308 recte
550 2242 637 2330 apud
659 2243 736 2307 Hes.
761 2241 858 2330 (Opp.
881 2244 959 2330 213)
982 2244 1115 2332 et‘apud
1130 2242 1248 2310 Aesoh.
1263 2242 1371 2327 (Eum.

279 2347 352 2427 844,
367 2348 444 2433 877)
459 2346 512 2410 olis
526 2346 652 2430 legitur,
668 2347 760 2410 ouius
775 2371 789 2410 ι
804 2348 942 2430 sigmate
956 2347 1035 2412 eliso
1049 2371 1107 2438 per
1121 2346 1371 2414 contractionem

281 2451 418 2516 duorum
442 2474 468 2514 ιι
490 2449 659 2535 explanari
675 2459 788 2535 potest.
819 2451 896 2516 Aor.
916 2451 996 2528 ἤισα
1010 2451 1115 2536 Apoll.
1130 2449 1232 2517 Rhod.
1248 2448 1264 2512 l
1283 2449 1373 2526 1023,

280 2553 315 2619 II
344 2555 407 2619 1-95
429 2574 502 2619 oum
526 2562 539 2618 ῖ
559 2553 684 2638 legitur.
726 2551 822 2616 Nullo
845 2552 940 2617 modo
954 2563 1122 2640 repugnat
1143 2555 1247 2617 sorma
1268 2551 1373 2637 Hesy-

280 2659 398 2723 chiana
429 2656 508 2722 ἄετε·
539 2650 691 2737 ἀκούετε,
722 2656 813 2720 ouius
843 2656 979 2721 formam
1008 2658 1371 2743 primariamputamus

280 2762 383 2826 fuisse
403 2756 525 2825 clf-sss.

368 2863 438 2927 Neo
462 2863 581 2928 certius
604 2862 779 2949 quidquam
802 2862 842 2926 de
864 2860 965 2926 verbo
986 2861 1079 2927 κλείω
1093 2860 1289 2926 contendere
1302 2881 1373 2948 pos·

282 2990 407 3050 sumus,
439 2968 530 3031 ouius
561 2966 685 3030 formae
715 2986 825 3030 omnes
847 2965 989 3051 (praeter
1018 2964 1097 3051 perf.
1128 2973 1188 3032 act.
1220 2975 1252 3028 et
1273 2965 1371 3050 pass.)

281 3073 315 3135 in
345 3068 494 3134 omnibus
525 3068 670 3133 dialectis
699 3088 721 3134 σ
746 3068 883 3149 habent,
913 3071 960 3132 ita
987 3078 1023 3131 ut
1044 3067 1213 3132 credamus
1235 3068 1372 3132 fortasse

284 3174 418 3259 stirpem
441 3173 575 3238 naaao-
599 3171 770 3252 exstitisse,
789 3193 985 3257 quamquam
1000 3169 1112 3253 lingua
1125 3169 1227 3235 latina
1241 3171 1372 3256 stirpem

281 3275 387 3358 eluci,
408 3273 535 3339 Graeca
556 3274 687 3359 stirpem
710 3275 743 3337 in
765 3275 927 3339 dentalem
950 3272 1149 3358 explosivam
1172 3273 1372 3338 excidentem

282 3377 432 3466 praebet:
456 3385 513 3445 atta
534 3378 636 3457 κλεῖς,
658 3369 792 3456 alaudem,
814 3377 875 3442 ion.
897 3378 999 3458 κληίς,
1021 3378 1160 3457 κληῖδος,
1183 3377 1250 3443 dor:
1271 3378 1372 3456 κλᾶίς,

282 3482 425 3556 arlaldus.
1368 3506 1371 3513 *

369 3585 509 3650 Formae
531 3577 740 3666 κεκύλισμαι,
763 3584 962 3663 excitentur,
984 3579 1147 3664 κυλιστός,
1168 3602 1252 3669 quae
1273 3582 1372 3647 verbo

284 3690 383 3755 sotto
405 3684 646 3766 adscribuntur,
670 3686 885 3770 explanantur
907 3686 1011 3750 forma
1033 3688 1211 3773 praesentis
1234 3685 1373 3783 saltada

283 3791 428 3875 ‚,volvo“‚
450 3810 534 3878 quae
555 3788 642 3876 apud
664 3788 856 3857 vetustiores
878 3788 1018 3855 obvenit.

371 4063 402 4133 i²)
420 4060 547 4129 Exceptis
573 4061 648 4115 enim
669 4062 806 4116 nonnullis
828 4063 857 4116 in
876 4062 971 4133 lingua
988 4078 1052 4116 sscr.
1071 4064 1147 4116 oreis
1164 4080 1191 4116 n.
1209 4060 1240 4131 f.,
1257 4062 1328 4130 cocio
1345 4077 1372 4114 n.

285 4149 331 4223 (cf.
349 4149 464 4219 Benfcy,
487 4147 574 4202 vollst.
602 4166 717 4218 gramm.
744 4155 759 4215 ς
781 4148 833 4205 396
856 4166 891 4203 no
909 4147 994 4220 CVII)
1015 4150 1044 4202 et
1068 4147 1214 4203 rarissimis
1231 4148 1261 4201 in
1278 4148 1374 4218 lingua

285 4240 333 4294 lat.
352 4238 429 4304 dats,
442 4235 546 4308 pulvis,
564 4235 664 4306 linguis
682 4235 913 4305 Indogermaniois
931 4235 1063 4291 eiusmodi
1079 4234 1178 4306 ‘stirpes
1196 4235 1303 4291 desunt.
