3256 4822
745 268 957 335 ..55-

238 442 241 447 ⁴
308 495 338 559 4.
376 494 416 557 Σ
433 491 863 560 Assrmmmoxnnx
880 488 1284 557 xasnoxrmruu
1305 488 1398 559 ssu

395 647 490 712 Hanc
520 668 646 734 quoque
675 644 937 711 assimilationem
961 652 1137 708 tractantes
1161 642 1327 707 Ascolium
1350 665 1397 707 se·

309 750 436 837 quimus
457 751 511 834 (cf.
535 775 564 838 p.
586 750 628 816 55
652 750 719 837 sq.).
764 748 865 814 Cuius
887 748 1013 832 generis
1034 769 1108 812 cum
1131 745 1253 811 nullum
1276 742 1423 810 certum‘

311 854 491 941 exemplum
518 855 715 934 inveniatur,
737 854 770 916 in
797 874 860 938 quo
884 849 945 916 sibi
968 870 1010 916 σσ
1031 857 1063 915 ct
1085 874 1125 915 τσ
1149 851 1291 913 Atticum
1315 849 1398 934 (sive

310 956 490 1045 Boeticum)
524 980 588 1022 non
621 956 838 1043 respondeant
868 953 922 1039 (cf.
955 953 1078 1032 Ascoli‚
1109 952 1204 1038 studj.
1237 952 1340 1016 critici
1365 951 1399 1014 II

309 1062 482 1148 420-28),
506 1059 719 1147 etymologiae
741 1058 923 1140 verborum,
947 1079 1029 1143 quae
1052 1076 1073 1121 σ
1095 1065 1218 1122 tantum
1235 1054 1400 1141 praebent,

309 1163 417 1228 minus
438 1163 595 1251 probatae
617 1171 693 1227 sunt
713 1160 885 1249 putandae.

349 1272 351 1275 ’
397 1267 479 1331 Cum
501 1289 580 1332 voce
611 1269 727 1346 κίσσα,
756 1266 806 1329 cui
836 1264 1009 1350 respondet
1029 1263 1133 1326 forma
1156 1265 1272 1344 κίττα,
1297 1261 1399 1344 Brug-

310 1392 385 1432 man
414 1370 511 1455 (stud.
535 1369 598 1433 VII
627 1369 705 1453 288)
727 1368 855 1433 videtur
880 1369 956 1454 jure
985 1388 1189 1452 comparasse
1217 1386 1292 1433 sscr.
1322 1364 1400 1443 kile,

309 1474 582 1559 leiloio-{quorum
604 1473 692 1535 notio
715 1471 782 1535 fere
804 1470 915 1534 eadem
939 1479 1001 1547 est3
1025 1470 1142 1555 quibus
1165 1466 1303 1533 fortasse
1326 1491 1399 1552 cog·

311 1585 420 1640 natum
452 1586 517 1659 est,
544 1575 629 1662 quod
653 1597 711 1662 per
733 1573 868 1661 simplex
892 1594 913 1639 σ
934 1573 1084 1637 scribitur
1109 1574 1247 1649 κίσινδις
1269 1574 1398 1658 (nomen

311 1680 381 1744 avis
392 1680 575 1759 cuiusdam3
592 1677 687 1745 schol.
700 1677 886 1764 Aristoph.).
910 1677 958 1744 Of.
970 1677 1054 1741 Fick
1066 1676 1176 1762 (Bezz.
1188 1670 1276 1741 beitr.
1290 1676 1400 1762 1173).

397 1782 528 1869 προσόν
542 1781 687 1864 νοσερόν,
703 1774 832 1862 λεπτόν,
848 1777 990 1856 ἀσθενές
1001 1780 1170 1867 (Hesych.)
1186 1779 1248 1843 huc
1262 1780 1400 1843 referen-

312 1885 388 1948 dum
412 1894 477 1966 est,
501 1887 577 1972 quia
600 1908 620 1949 a
641 1883 742 1950 verbo
765 1880 872 1970 τρΐχω
894 1906 957 1947 non
980 1891 1087 1969 potest
1111 1882 1238 1968 sejungi
1260 1881 1400 1967 (Benfcy

310 1987 344 2052 ΙΙ
367 1988 452 2075 261).
497 1987 609 2073 τρῖσις
638 1995 751 2053 contra
772 1984 893 2071 (νόσος,
915 1987 1018 2060 αόνος
1041 1984 1196 2072 Hesych.)
1218 2006 1289 2049 cum
1314 1979 1400 2066 spiro

312 2091 413 2155 artius
437 2092 696 2177 conjungendum
720 2091 857 2171 videtur,
880 2089 971 2153 cuius
993 2090 1081 2153 notio
1104 2090 1160 2152 vix
1182 2088 1342 2153 abhorret.

396 2192 450 2257 Ad
472 2196 642 2279 atoo'yyog,
664 2197 697 2259 ni
719 2193 821 2270 fallor,
843 2200 928 2257 recte
949 2191 1169 2279 lexicographi
1192 2192 1297 2257 πίσσα
1317 2212 1400 2256 com·

310 2305 517 2382 paraverunt,
540 2297 625 2383 quod
649 2318 813 2383 nunquam
835 2317 893 2380 per
915 2295 1051 2380 simplex
1073 2315 1094 2360 σ
1116 2297 1241 2379 legitur.

397 2398 505 2464 Verbo
520 2392 647 2484 μάσσω,
661 2393 780 2485 μάσσω
791 2398 944 2477 „mando“
956 2399 1026 2482 (fut.
1038 2397 1147 2485 μα’ξω)
1160 2398 1291 2463 Curtius
1302 2397 1400 2482 (stud.

310 2501 327 2564 I
350 2524 370 2565 a
392 2503 470 2587 242)
489 2503 666 2588 μασοίομαι
687 2503 840 2589 (μάσημα
870 2501 943 2587 oet.)
972 2501 1109 2582 addidit,
1132 2501 1217 2588 quod
1238 2500 1399 2566 interdum

310 2626 369 2690 per
390 2625 441 2688 oo,
464 2627 629 2691 nunquam
651 2628 709 2691 per
731 2628 773 2668 rr
795 2603 952 2668 scribitur.
981 2606 1144 2687 'Quocum
1160 2606 1298 2670 fortasse
1314 2613 1399 2667 recte

310 2709 536 2794 conjungimus
559 2707 803 2794 Hesychianum
824 2701 996 2791 μασύνσης
1019 2705 1241 2794 (παράσιτος).
1304 2688 1308 2705 ’

394 2811 523 2877 Deinde
545 2810 608 2877 huc
630 2812 767 2876 refertur
788 2809 903 2892 uicos,
925 2810 991 2875 dor.
1014 2808 1133 2889 νᾶσος,
1158 2811 1245 2900 quod
1269 2810 1400 2875 Curtius

310 2913 419 3001 (Grz.⁴
451 2916 527 3002 320)
558 2914 600 2980 ad
623 2916 759 2979 formam
781 2914 967 3002 primariam
989 2936 1130 2988 ναν-νος
1152 2912 1281 2978 reduxit
1302 2912 1399 2999 (Fick

310 3016 446 3097 1125&
470 3019 527 3083 sed
550 3017 588 3084 cd
611 3016 783 3082 Windisch
805 3016 845 3084 K.
869 3017 905 3085 Z.
929 3017 1030 3082 XXII
1053 3017 1139 3103 274).

395 3121 510 3201 νόσος,
539 3122 601 3189 ἱοο.
631 3119 749 3196 νοῦσος
771 3122 953 3207 nuperrime
975 3121 1071 3207 (stud.
1092 3121 1126 3185 X
1148 3121 1225 3206 328)
1247 3141 1267 3182 a
1290 3117 1401 3185 Ouitio

312 3231 484 3287 tractatum
508 3232 563 3290 est.
607 3222 714 3287 Radix
736 3223 833 3308 igitur
854 3223 981 3304 videtur
1003 3246 1074 3289 esse
1095 3247 1165 3305 μσς,
1180 3245 1241 3307 μσς
1256 3221 1309 3305 (cf.
1324 3243 1399 3284 secr.
1463 3247 1466 3253 ·

236 3332 239 3339 '
309 3325 448 3409 napoleo-
480 3326 738 3411 ,‚perniciosus“).
798 3325 873 3407 Qua
902 3325 1007 3390 nasali
1034 3326 1193 3392 vocalium
1221 3324 1400 3389 differentia

309 3427 511 3515 explanatur.

397 3530 450 3593 Ad
466 3552 578 3615 vocem
593 3525 753 3606 Διόνυσος
775 3530 1000 3618 explicandam
1015 3552 1117 3619 nuper
1133 3529 1287 3596 nonnulla
1302 3530 1400 3594 allata

310 3643 402 3715 sunt3
425 3632 869 3700 Wilamowitz·Mdllendorf
896 3635 980 3698 enim
1011 3633 1045 3696 in
1074 3636 1260 3698 recensione
1283 3634 1401 3698 Caueri

310 3736 452 3802 delectus
471 3736 574 3805 Inscr.'
588 3736 703 3802 Graec.
719 3758 778 3801 nos
795 3736 909 3816 docuit,
925 3735 1093 3801 lectionem
1108 3731 1271 3816 Ζόννοξος
1286 3736 1399 3801 falsam

311 3862 399 3918 esse,
427 3840 563 3905 formam
587 3841 694 3927 potius
717 3840 802 3904 illius
824 3839 941 3926 lapidis
963 3839 1111 3904 Lesbiaci
1135 3862 1205 3904 esse
1227 3834 1401 3913 Ζόννοσος.

310 3941 438 4006 Deinde
461 3941 587 4028 Benfcy
608 3942 709 4028 (Gott
739 3940 936 4026 abhandlgn.
967 3943 1064 4028 1873)
1094 3943 1228 4008 formam
1256 3942 1400 4005 nativam

310 4045 546 4130 Atfovvvurjoc
575 4047 698 4129 posuit,
729 4066 794 4130 qua
819 4046 978 4110 indicetur
1005 4045 1108 4127 „filius
1132 4045 1194 4109 diei
1216 4053 1248 4109 et
1270 4045 1400 4111 noctis“.

309 4146 383 4228 Quo
411 4146 588 4233 veriloquio
620 4148 744 4230 omnia,
776 4170 859 4234 quae
888 4171 990 4235 nsque
1021 4148 1127 4213 adhuc
1156 4146 1284 4233 prolata
1313 4153 1400 4226 aunt,

310 4258 513 4345 superantur.
556 4249 622 4317 Ubi
643 4251 741 4342 igitur
763 4249 912 4316 Bacchus
933 4251 1059 4325 Νύσιος
1081 4252 1213 4337 eiusque
1234 4250 1318 4315 filius
1333 4252 1401 4315 No·
