3256 4822
725 220 967 316 -οε-’

376 420 450 486 Alia
472 420 629 486 eiusmodi
652 421 801 510 exempla
822 423 945 490 incerta
968 431 1051 497 sunt,
1074 422 1121 488 sio
1142 424 1279 489 lortosse

373 523 490 589 σείσων
513 525 584 610 (vas
608 523 650 591 ad
671 524 766 592 fabas
788 525 1003 613 quassandas)
1026 546 1068 590 ex
1082 531 1222 593 ostofom
1237 525 1291 612 (cf.
1308 527 1381 591 σείει

287 647 318 712 p.
349 625 401 711 10)
431 635 543 692 natum
572 638 639 706 est3
671 627 729 693 sed
757 629 876 695 rectius
908 650 1026 715 paene,
1048 638 1085 695 ut
1105 627 1168 695 hoc
1188 629 1382 701 vocabulum

288 727 501 814 explicemus,
532 730 576 795 ad
606 730 726 797 formas
747 732 838 799 verbi
868 734 942 798 σείω
972 732 1158 817 sigmaticas
1179 734 1383 817 recurrimus,

288 834 477 916 praesertim
499 855 573 900 cum
591 834 626 899 in
647 834 789 900 Pollucis
811 835 914 901 lexico
937 843 1063 901 tantum
1084 834 1237 901 traditum
1260 839 1309 902 sit.

373 934 547 1003 Praeterea
569 960 587 1005 e
608 946 718 1004 vetere
739 946 784 1004 ot
807 938 968 1025 aBoppio
983 936 1095 1024 (vergl.
1120 958 1255 1023 gramm.
1270 939 1304 1005 ll
1326 940 1382 1027 62)

287 1030 407 1122 ἥμισυς
435 1040 642 1128 explanatum
665 1052 729 1125 θεῖς
752 1050 788 1108 ut
809 1044 942 1108 enimin
956 1040 1068 1126 lingua
1082 1041 1164 1106 zdca
1178 1042 1383 1108 inveniuntur

289 1140 446 1226 tinctum,
468 1153 644 1213 canu-tna-
667 1146 805 1229 „triens,
828 1144 1024 1232 quadrans“‚
1047 1144 1094 1209 sic
1115 1145 1209 1232 Bopp
1231 1143 1381 1232 irps-oto

289 1247 405 1331 posuit.
451 1246 514 1314 Oui
536 1258 653 1331 tamen,
675 1248 761 1337 quod
784 1249 876 1332 dixit,
898 1248 1016 1314 suffixa
1030 1249 1295 1315 accusativindci
1309 1250 1382 1315 urs-

288 1355 358 1415 ειῖιιι
381 1359 414 1416 et
435 1352 545 1436 graeci
567 1345 690 1436 ἥμισυν
711 1353 804 1441 paria
826 1375 905 1437 esse,
928 1352 1109 1418 consentire
1123 1375 1189 1418 non
1203 1374 1383 1440 possumus,

290 1453 367 1538 quia
397 1473 418 1517 σ
448 1463 612 1520 servatum
642 1479 707 1523 non
736 1455 906 1543 expeditur
937 1477 996 1521 nec
1017 1455 1139 1521 vocalis
1160 1455 1319 1542 producta
1341 1454 1383 1519 ad

289 1554 426 1620 formam
448 1555 607 1624 Graecam
639 1559 788 1647 quadrat.
831 1560 985 1625 Fortasse
1017 1558 1116 1644 igitur
1145 1559 1249 1623 forma
1270 1559 1382 1623 nativa

290 1657 351 1723 fuit
372 1655 513 1739 ἡμιτάο·
534 1661 588 1747 (cf.
609 1686 640 1751 p.
663 1664 704 1730 68
727 1662 816 1751 squ).

246 1758 248 1762 ’
375 1761 446 1827 Iam
467 1786 545 1830 vero
567 1788 693 1833 summa
713 1765 885 1832 difficultas
908 1767 1022 1847 oritur,
1045 1787 1119 1830 cum
1133 1764 1219 1830 enim
1234 1786 1275 1829 ex
1289 1787 1380 1853 prae·

291 1865 480 1934 cedentibus
503 1868 587 1935 effici
609 1869 766 1951 videatur,
789 1876 834 1936 cf
855 1870 939 1936 inter
952 1865 1083 1934 vocales
1097 1870 1203 1956 posita
1218 1890 1284 1935 non
1298 1867 1382 1947 elidi,

288 1972 322 2035 in
355 1971 426 2036 aliis
455 1970 587 2055 formis,
616 1993 701 2059 quse
734 1971 896 2060 quondum
925 1978 969 2038 cf
990 1971 1141 2037 videntur
1171 1971 1339 2053 habuisse,
1362 1991 1382 2036 σ

290 2075 442 2140 extritum
465 2083 522 2144 est.
566 2077 674 2163 Atque
695 2078 834 2165 primum
849 2075 978 2163 quidem
993 2097 1056 2143 sec.
1071 2096 1156 2162 pers.
1171 2073 1254 2139 med
1270 2074 1381 2160 imper.

290 2185 322 2241 et
343 2187 526 2266 temporum
547 2178 773 2246 historicorum
797 2178 980 2246 afferendae
1003 2187 1091 2263 sunt,
1113 2179 1147 2242 in
1168 2176 1285 2265 quibus
1301 2175 1383 2240 diffi-

291 2281 394 2348 cultas
409 2304 447 2348 eo
463 2290 609 2368 augetur,
623 2282 710 2369 quod
725 2279 809 2349 aliae
823 2282 946 2349 formae
961 2303 982 2349 σ
997 2290 1215 2360 servaverunt,
1230 2281 1314 2347 aliae
1326 2301 1380 2344 ex·

289 2384 458 2452 triverunt.
495 2384 602 2466 Quam
624 2383 666 2450 ad
687 2385 874 2452 solvendam
890 2408 970 2473 opus
986 2395 1044 2465 est,
1059 2393 1095 2450 ut
1109 2386 1218 2450 omnia
1232 2382 1381 2470 exempla

290 2487 492 2553 formationis
514 2487 745 2574 adgeramus*)
766 2489 819 2576 (cf.
843 2489 974 2557 Curtius
997 2488 1096 2556 Verb.
1117 2487 1150 2551 Ι2
1172 2488 1227 2574 89)

378 2590 559 2658 Verborum
580 2593 614 2655 in
636 2616 703 2676 -μιε

374 2686 503 2776 ἵστασο,
513 2697 632 2759 ἵστασο
641 2693 913 2782 (torosos);apud
921 2695 1061 2780 tragicos
1069 2692 1380 2777 etiamtlnolegitur.

373 2800 519 2882 ἐτίθεσο,
537 2799 656 2864 τίθεσο
673 2798 852 2885 (τίθεσαι)ς
869 2799 975 2865 τίθου
990 2798 1040 2864 bis
1053 2795 1183 2884 (Aesch.
1199 2796 1292 2862 Eum.
1304 2798 1378 2879 217,

291 2902 431 2968 Machon
454 2901 540 2990 apud
561 2899 638 2967 Ath.
662 2901 744 2967 VIll
766 2903 827 2969 341
851 2903 895 2987 Β)

377 3006 517 3089 ὲδίδοσο,
539 3005 651 3071 ὃίὸοσο
673 3005 828 3092 (otonem)

377 3108 550 3189 statuturo,
572 3108 725 3174 dslxrvoo·
744 3108 940 3195 (ὃείκνυσαι)
1195 3178 1199 3187 ,

379 3220 507 3298 praeter
529 3212 653 3276 ἐπίστω
675 3210 762 3299 apud
783 3221 896 3298 poetas
917 3212 1044 3277 Atticos
1065 3211 1182 3295 legitur
1204 3211 1381 3291 ἐπίστασο,

291 3315 469 3380 ἐπίστασαι
490 3321 540 3378 est
561 3312 711 3378 usitatius
732 3336 830 3401 quam
851 3316 969 3402 ἐπέστη
1059 3315 1061 3318 ’

377 3411 457 3504 δάκῃ
479 3438 553 3483 raro
574 3417 746 3496 invenitur,
769 3415 911 3486 δύνασαι
933 3418 1020 3505 apud
1042 3424 1125 3504 poet.
1149 3424 1182 3481 et
1200 3425 1283 3504 post.

377 3521 500 3609 imperf.
521 3509 604 3603 ῗεσο,
632 3521 743 3608 imper.
774 3525 840 3588 troo
869 3530 902 3587 et
925 3526 977 3587 ἴου
998 3520 1121 3607 (ἴεσαι),
1142 3519 1207 3583 ind.
1230 3540 1295 3586 aor.
1317 3514 1381 3607 άφ-

291 3633 359 3690 εῖσο
382 3624 506 3711 (imper.
529 3619 636 3708 cip-ori
656 3623 693 3691 Ο.
716 3625 751 3693 Β,
777 3625 869 3704 1521,
890 3623 959 3704 ἔξεο
981 3623 1058 3690 Hdt.
1080 3623 1111 3690 V
1133 3623 1188 3707 39)

377 3737 476 3813 κεῖσο,
498 3731 602 3792 ἔκεισο
624 3729 758 3813 (κεῖσαι)
1283 3713 1286 3721 ’

375 3827 453 3912 ἧσο,
475 3821 536 3910 ἦσο
559 3824 684 3916 (ἧσαι),
708 3827 879 3914 κάθησαι,
901 3830 1079 3896 sedetiam
1105 3824 1217 3918 κάθη;
1240 3820 1377 3905 κάθησο
1403 3920 1405 3925 ι

292 3942 419 4020 praeter
440 3928 573 4018 κάθου;
594 3930 748 4015 ἐκάθησο
772 3944 804 4001 et
826 3934 970 4015 κάθησο.

379 4172 408 4233 *l
421 4172 476 4226 Cur
499 4172 529 4225 in
552 4173 603 4227 hoc
620 4177 767 4244 conspectu
785 4190 892 4244 semper
910 4175 1012 4228 formas
1028 4171 1169 4227 indicativi
1188 4170 1381 4240 respondentes

292 4258 524 4330 adscripserimus,
542 4261 638 4328 postea
656 4260 781 4316 elucebit.
