<?xml version="1.0" encoding="UTF-8"?>
<!DOCTYPE html PUBLIC "-//W3C//DTD XHTML 1.0 Transitional//EN"
    "http://www.w3.org/TR/xhtml1/DTD/xhtml1-transitional.dtd">
<html xmlns="http://www.w3.org/1999/xhtml" xml:lang="en" lang="en">
 <head>
  <title>
</title>
<meta http-equiv="Content-Type" content="text/html;charset=utf-8" />
  <meta name='ocr-system' content='tesseract 3.04.00' />
  <meta name='ocr-capabilities' content='ocr_page ocr_carea ocr_par ocr_line ocrx_word'/>
</head>
<body>
  <div class='ocr_page' id='page_1' title='image "./deliterainlingu00mlgoog_0030.png"; bbox 0 0 3256 4822; ppageno 0'>
   <div class='ocr_carea' id='block_1_1' title="bbox 690 260 899 328">
    <p class='ocr_par' dir='ltr' id='par_1_1' title="bbox 690 260 899 328">
     <span class='ocr_line' id='line_1_1' title="bbox 690 260 899 328; baseline -0.005 -16"><span class='ocrx_word' id='word_1_1' title='bbox 690 260 899 328; x_wconf 75' lang='lat'>..25..</span> 
     </span>
    </p>
   </div>
   <div class='ocr_carea' id='block_1_2' title="bbox 252 433 1346 2376">
    <p class='ocr_par' dir='ltr' id='par_1_2' title="bbox 252 433 1344 833">
     <span class='ocr_line' id='line_1_2' title="bbox 252 433 1344 523; baseline -0.003 -22"><span class='ocrx_word' id='word_1_2' title='bbox 252 446 284 501; x_wconf 90' lang='lat' dir='ltr'>et</span> <span class='ocrx_word' id='word_1_3' title='bbox 317 438 344 500; x_wconf 81' lang='lat' dir='ltr'>si</span> <span class='ocrx_word' id='word_1_4' title='bbox 379 434 496 521; x_wconf 76' lang='lat' dir='ltr'>conjici</span> <span class='ocrx_word' id='word_1_5' title='bbox 521 433 612 513; x_wconf 84' lang='lat' dir='ltr'>lieet,</span> <span class='ocrx_word' id='word_1_6' title='bbox 640 435 781 523; x_wconf 82' lang='lat' dir='ltr'>putarim</span> <span class='ocrx_word' id='word_1_7' title='bbox 811 435 924 500; x_wconf 90' lang='lat' dir='ltr'>eadem</span> <span class='ocrx_word' id='word_1_8' title='bbox 952 438 1095 517; x_wconf 87' lang='lat' dir='ltr'>ratione,</span> <span class='ocrx_word' id='word_1_9' title='bbox 1124 454 1189 522; x_wconf 88' lang='lat' dir='ltr'>qua</span> <span class='ocrx_word' id='word_1_10' title='bbox 1209 434 1344 499; x_wconf 83' lang='lat' dir='ltr'>Fickiue</span> 
     </span>
     <span class='ocr_line' id='line_1_3' title="bbox 253 537 1342 626; baseline -0.002 -22"><span class='ocrx_word' id='word_1_11' title='bbox 253 539 308 626; x_wconf 82' lang='lat' dir='ltr'>(K.</span> <span class='ocrx_word' id='word_1_12' title='bbox 331 537 368 603; x_wconf 88' lang='lat' dir='ltr'>Z.</span> <span class='ocrx_word' id='word_1_13' title='bbox 392 537 495 603; x_wconf 87' lang='lat' dir='ltr'>XXII</span> <span class='ocrx_word' id='word_1_14' title='bbox 527 539 583 624; x_wconf 87' lang='grc'>99)</span> <span class='ocrx_word' id='word_1_15' title='bbox 605 540 728 626; x_wconf 75' lang='grc' dir='ltr'><strong><em>κέντωρ</em></strong></span> <span class='ocrx_word' id='word_1_16' title='bbox 748 560 790 602; x_wconf 87' lang='lat' dir='ltr'>ex</span> <span class='ocrx_word' id='word_1_17' title='bbox 811 558 976 624; x_wconf 73' lang='grc' dir='ltr'><strong><em>κεντητωρ</em></strong></span> <span class='ocrx_word' id='word_1_18' title='bbox 997 548 1109 604; x_wconf 88' lang='lat' dir='ltr'>natum</span> <span class='ocrx_word' id='word_1_19' title='bbox 1132 558 1203 602; x_wconf 79' lang='lat' dir='ltr'>eece</span> <span class='ocrx_word' id='word_1_20' title='bbox 1224 548 1342 613; x_wconf 83' lang='lat' dir='ltr'>censet,</span> 
     </span>
     <span class='ocr_line' id='line_1_4' title="bbox 252 635 1343 727; baseline -0.004 -21"><span class='ocrx_word' id='word_1_21' title='bbox 252 638 409 727; x_wconf 75' lang='grc' dir='ltr'><em>ἀλάστωρ</em></span> <span class='ocrx_word' id='word_1_22' title='bbox 438 658 480 706; x_wconf 81' lang='lat' dir='ltr'>ex</span> <span class='ocrx_word' id='word_1_23' title='bbox 509 635 704 725; x_wconf 74' lang='grc' dir='ltr'><strong><em>αλαατητωρ</em></strong></span> <span class='ocrx_word' id='word_1_24' title='bbox 730 640 787 727; x_wconf 86' lang='lat' dir='ltr'>(ad</span> <span class='ocrx_word' id='word_1_25' title='bbox 808 642 943 706; x_wconf 83' lang='lat' dir='ltr'>verbum</span> <span class='ocrx_word' id='word_1_26' title='bbox 965 636 1116 708; x_wconf 70' lang='grc' dir='ltr'><strong><em>ἄλαστα)</em></strong></span> <span class='ocrx_word' id='word_1_27' title='bbox 1139 638 1343 727; x_wconf 82' lang='lat' dir='ltr'>applicatum,</span> 
     </span>
     <span class='ocr_line' id='line_1_5' title="bbox 253 738 1250 833; baseline -0.004 -22"><span class='ocrx_word' id='word_1_28' title='bbox 253 745 524 833; x_wconf 82' lang='lat' dir='ltr'>quemadmodum</span> <span class='ocrx_word' id='word_1_29' title='bbox 546 738 723 829; x_wconf 82' lang='grc' dir='ltr'><strong><em>κοσμήτωρ</em></strong></span> <span class='ocrx_word' id='word_1_30' title='bbox 744 744 786 809; x_wconf 83' lang='lat' dir='ltr'>ad</span> <span class='ocrx_word' id='word_1_31' title='bbox 808 744 948 830; x_wconf 70' lang='grc' dir='ltr'>κοσμὲω)</span> <span class='ocrx_word' id='word_1_32' title='bbox 970 752 1075 810; x_wconf 87' lang='lat' dir='ltr'>ortum</span> <span class='ocrx_word' id='word_1_33' title='bbox 1097 765 1177 809; x_wconf 79' lang='lat' dir='ltr'>eece.</span> <span class='ocrx_word' id='word_1_34' title='bbox 1245 819 1250 833; x_wconf 32' lang='grc' dir='ltr'>ι</span> 
     </span>
    </p>

    <p class='ocr_par' dir='ltr' id='par_1_3' title="bbox 254 845 1346 2170">
     <span class='ocr_line' id='line_1_6' title="bbox 338 845 1343 933; baseline -0.006 -19"><span class='ocrx_word' id='word_1_35' title='bbox 338 847 496 914; x_wconf 78' lang='lat' dir='ltr'><strong>Nolumus</strong></span> <span class='ocrx_word' id='word_1_36' title='bbox 529 846 675 912; x_wconf 86' lang='lat' dir='ltr'>omittere</span> <span class='ocrx_word' id='word_1_37' title='bbox 698 847 915 933; x_wconf 84' lang='lat' dir='ltr'>conjecturam</span> <span class='ocrx_word' id='word_1_38' title='bbox 937 848 1080 912; x_wconf 82' lang='lat' dir='ltr'>virorum</span> <span class='ocrx_word' id='word_1_39' title='bbox 1102 845 1268 912; x_wconf 85' lang='lat' dir='ltr'>doctorum</span> <span class='ocrx_word' id='word_1_40' title='bbox 1288 847 1343 933; x_wconf 84' lang='lat' dir='ltr'>qui</span> 
     </span>
     <span class='ocr_line' id='line_1_7' title="bbox 258 950 1346 1038; baseline -0.005 -22"><span class='ocrx_word' id='word_1_41' title='bbox 258 961 410 1031; x_wconf 82' lang='lat' dir='ltr'>censent,</span> <span class='ocrx_word' id='word_1_42' title='bbox 433 950 682 1038; x_wconf 80' lang='lat' dir='ltr'>compositorum</span> <span class='ocrx_word' id='word_1_43' title='bbox 705 950 847 1030; x_wconf 62' lang='lat' dir='ltr'>illorum</span> <span class='ocrx_word' id='word_1_44' title='bbox 877 970 1013 1037; x_wconf 89' lang='lat' dir='ltr'>quorum</span> <span class='ocrx_word' id='word_1_45' title='bbox 1035 970 1111 1035; x_wconf 82' lang='lat' dir='ltr'>pars</span> <span class='ocrx_word' id='word_1_46' title='bbox 1133 951 1222 1037; x_wconf 85' lang='lat' dir='ltr'>prior</span> <span class='ocrx_word' id='word_1_47' title='bbox 1241 950 1275 1012; x_wconf 88' lang='lat' dir='ltr'>in</span> <span class='ocrx_word' id='word_1_48' title='bbox 1297 972 1346 1012; x_wconf 82' lang='grc' dir='ltr'>-αι</span> 
     </span>
     <span class='ocr_line' id='line_1_8' title="bbox 257 1051 1343 1139; baseline -0.001 -20"><span class='ocrx_word' id='word_1_49' title='bbox 257 1054 379 1120; x_wconf 80' lang='lat' dir='ltr'>excidit</span> <span class='ocrx_word' id='word_1_50' title='bbox 400 1052 544 1139; x_wconf 77' lang='lat' dir='ltr'>(Curtius</span> <span class='ocrx_word' id='word_1_51' title='bbox 576 1051 657 1119; x_wconf 79' lang='lat' dir='ltr'>stud.</span> <span class='ocrx_word' id='word_1_52' title='bbox 690 1051 742 1117; x_wconf 89' lang='lat'>111</span> <span class='ocrx_word' id='word_1_53' title='bbox 773 1054 853 1135; x_wconf 76' lang='lat'>192,</span> <span class='ocrx_word' id='word_1_54' title='bbox 882 1052 919 1118; x_wconf 75' lang='grc' dir='ltr'>Θ.</span> <span class='ocrx_word' id='word_1_55' title='bbox 942 1051 1055 1138; x_wconf 77' lang='lat' dir='ltr'>Meyer</span> <span class='ocrx_word' id='word_1_56' title='bbox 1085 1052 1167 1118; x_wconf 78' lang='lat' dir='ltr'>stud.</span> <span class='ocrx_word' id='word_1_57' title='bbox 1196 1051 1243 1118; x_wconf 93' lang='lat' dir='ltr'>VI</span> <span class='ocrx_word' id='word_1_58' title='bbox 1271 1051 1343 1130; x_wconf 81' lang='lat'>384,</span> 
     </span>
     <span class='ocr_line' id='line_1_9' title="bbox 255 1154 1346 1241; baseline -0.004 -20"><span class='ocrx_word' id='word_1_59' title='bbox 255 1156 381 1222; x_wconf 82' lang='lat' dir='ltr'>Olemm</span> <span class='ocrx_word' id='word_1_60' title='bbox 412 1154 584 1223; x_wconf 76' lang='lat' dir='ltr'>stud.V11·</span> <span class='ocrx_word' id='word_1_61' title='bbox 613 1154 678 1240; x_wconf 73' lang='grc'>90),</span> <span class='ocrx_word' id='word_1_62' title='bbox 708 1155 862 1220; x_wconf 86' lang='lat' dir='ltr'>nonnuiia</span> <span class='ocrx_word' id='word_1_63' title='bbox 890 1155 1028 1221; x_wconf 75' lang='lat' dir='ltr'>fortasse</span> <span class='ocrx_word' id='word_1_64' title='bbox 1056 1155 1187 1241; x_wconf 76' lang='lat' dir='ltr'>stirpem</span> <span class='ocrx_word' id='word_1_65' title='bbox 1216 1155 1249 1218; x_wconf 85' lang='lat' dir='ltr'>in</span> <span class='ocrx_word' id='word_1_66' title='bbox 1280 1154 1346 1217; x_wconf 76' lang='lat' dir='ltr'>-coi</span> 
     </span>
     <span class='ocr_line' id='line_1_10' title="bbox 260 1256 1344 1346; baseline -0.002 -23"><span class='ocrx_word' id='word_1_67' title='bbox 260 1261 432 1341; x_wconf 84' lang='lat' dir='ltr'>continere,</span> <span class='ocrx_word' id='word_1_68' title='bbox 451 1260 541 1325; x_wconf 83' lang='lat' dir='ltr'>cuiue</span> <span class='ocrx_word' id='word_1_69' title='bbox 554 1258 701 1346; x_wconf 80' lang='lat' dir='ltr'>exempla</span> <span class='ocrx_word' id='word_1_70' title='bbox 709 1256 853 1322; x_wconf 87' lang='lat' dir='ltr'>Lindner</span> <span class='ocrx_word' id='word_1_71' title='bbox 862 1257 985 1342; x_wconf 87' lang='lat' dir='ltr'>(altind.</span> <span class='ocrx_word' id='word_1_72' title='bbox 997 1257 1237 1343; x_wconf 86' lang='lat' dir='ltr'>nominalbiidg.</span> <span class='ocrx_word' id='word_1_73' title='bbox 1248 1274 1279 1344; x_wconf 84' lang='lat' dir='ltr'>p.</span> <span class='ocrx_word' id='word_1_74' title='bbox 1288 1256 1344 1343; x_wconf 79' lang='lat'>52)</span> 
     </span>
     <span class='ocr_line' id='line_1_11' title="bbox 257 1362 1343 1448; baseline -0.002 -23"><span class='ocrx_word' id='word_1_75' title='bbox 257 1362 355 1427; x_wconf 80' lang='lat' dir='ltr'>affort.</span> <span class='ocrx_word' id='word_1_76' title='bbox 380 1363 433 1428; x_wconf 85' lang='lat' dir='ltr'>Sic</span> <span class='ocrx_word' id='word_1_77' title='bbox 443 1382 472 1427; x_wconf 86' lang='lat' dir='ltr'>v.</span> <span class='ocrx_word' id='word_1_78' title='bbox 489 1382 515 1428; x_wconf 88' lang='lat' dir='ltr'>c.</span> <span class='ocrx_word' id='word_1_79' title='bbox 535 1365 650 1428; x_wconf 78' lang='grc' dir='ltr'><strong><em>ταλαι·</em></strong></span> <span class='ocrx_word' id='word_1_80' title='bbox 662 1362 799 1428; x_wconf 72' lang='lat' dir='ltr'>fortasse</span> <span class='ocrx_word' id='word_1_81' title='bbox 811 1384 852 1427; x_wconf 86' lang='lat' dir='ltr'>ex</span> <span class='ocrx_word' id='word_1_82' title='bbox 864 1364 999 1428; x_wconf 73' lang='grc' dir='ltr'><strong><em>ταλααι·</em></strong></span> <span class='ocrx_word' id='word_1_83' title='bbox 1012 1369 1124 1427; x_wconf 88' lang='lat' dir='ltr'>natum</span> <span class='ocrx_word' id='word_1_84' title='bbox 1136 1362 1343 1448; x_wconf 86' lang='lat' dir='ltr'>„patientem“</span> 
     </span>
     <span class='ocr_line' id='line_1_12' title="bbox 256 1463 1343 1551; baseline -0.002 -23"><span class='ocrx_word' id='word_1_85' title='bbox 256 1465 457 1549; x_wconf 81' lang='lat' dir='ltr'>significavit,</span> <span class='ocrx_word' id='word_1_86' title='bbox 479 1473 516 1530; x_wconf 87' lang='lat' dir='ltr'>ut</span> <span class='ocrx_word' id='word_1_87' title='bbox 539 1466 735 1551; x_wconf 73' lang='grc' dir='ltr'><strong><em>ταλαίφρων</em></strong></span> <span class='ocrx_word' id='word_1_88' title='bbox 756 1466 800 1531; x_wconf 79' lang='lat' dir='ltr'>cit</span> <span class='ocrx_word' id='word_1_89' title='bbox 812 1465 1024 1551; x_wconf 83' lang='lat' dir='ltr'>compositum</span> <span class='ocrx_word' id='word_1_90' title='bbox 1040 1484 1080 1530; x_wconf 87' lang='lat' dir='ltr'>ex</span> <span class='ocrx_word' id='word_1_91' title='bbox 1095 1484 1213 1549; x_wconf 81' lang='lat' dir='ltr'>genere</span> <span class='ocrx_word' id='word_1_92' title='bbox 1225 1463 1343 1544; x_wconf 80' lang='lat' dir='ltr'>„bairu-</span> 
     </span>
     <span class='ocr_line' id='line_1_13' title="bbox 255 1567 1342 1655; baseline -0.002 -22"><span class='ocrx_word' id='word_1_93' title='bbox 255 1567 365 1648; x_wconf 78' lang='lat' dir='ltr'>vrrhi‘,</span> <span class='ocrx_word' id='word_1_94' title='bbox 395 1568 481 1654; x_wconf 91' lang='lat' dir='ltr'>quod</span> <span class='ocrx_word' id='word_1_95' title='bbox 503 1568 577 1633; x_wconf 89' lang='lat' dir='ltr'>Indi</span> <span class='ocrx_word' id='word_1_96' title='bbox 609 1568 788 1655; x_wconf 84' lang='lat' dir='ltr'>appeliant,</span> <span class='ocrx_word' id='word_1_97' title='bbox 819 1578 852 1633; x_wconf 88' lang='lat' dir='ltr'>et</span> <span class='ocrx_word' id='word_1_98' title='bbox 872 1568 954 1633; x_wconf 87' lang='lat' dir='ltr'>verti</span> <span class='ocrx_word' id='word_1_99' title='bbox 981 1570 1083 1655; x_wconf 77' lang='lat' dir='ltr'>poscit</span> <span class='ocrx_word' id='word_1_100' title='bbox 1104 1567 1264 1649; x_wconf 89' lang='lat' dir='ltr'>„animum</span> <span class='ocrx_word' id='word_1_101' title='bbox 1286 1588 1342 1653; x_wconf 53' lang='lat' dir='ltr'>pa»</span> 
     </span>
     <span class='ocr_line' id='line_1_14' title="bbox 256 1662 1345 1754; baseline -0.005 -17"><span class='ocrx_word' id='word_1_102' title='bbox 256 1672 389 1737; x_wconf 87' lang='lat' dir='ltr'>tientem</span> <span class='ocrx_word' id='word_1_103' title='bbox 427 1677 569 1754; x_wconf 76' lang='lat' dir='ltr'>gerene‘t</span> <span class='ocrx_word' id='word_1_104' title='bbox 624 1671 752 1737; x_wconf 79' lang='lat' dir='ltr'>Deinde</span> <span class='ocrx_word' id='word_1_105' title='bbox 784 1693 849 1737; x_wconf 91' lang='lat' dir='ltr'>non</span> <span class='ocrx_word' id='word_1_106' title='bbox 883 1662 1066 1737; x_wconf 79' lang='lat' dir='ltr'>decernere</span> <span class='ocrx_word' id='word_1_107' title='bbox 1087 1670 1207 1750; x_wconf 82' lang='lat' dir='ltr'>audeo,</span> <span class='ocrx_word' id='word_1_108' title='bbox 1237 1678 1345 1734; x_wconf 88' lang='lat' dir='ltr'>utrum</span> 
     </span>
     <span class='ocr_line' id='line_1_15' title="bbox 254 1766 1344 1862; baseline -0.002 -22"><span class='ocrx_word' id='word_1_109' title='bbox 254 1797 353 1841; x_wconf 84' lang='lat' dir='ltr'>voces</span> <span class='ocrx_word' id='word_1_110' title='bbox 380 1773 452 1840; x_wconf 82' lang='lat' dir='ltr'>illas</span> <span class='ocrx_word' id='word_1_111' title='bbox 480 1797 500 1840; x_wconf 91' lang='lat' dir='ltr'>a</span> <span class='ocrx_word' id='word_1_112' title='bbox 530 1774 570 1842; x_wconf 78' lang='lat' dir='ltr'>G.</span> <span class='ocrx_word' id='word_1_113' title='bbox 591 1776 724 1862; x_wconf 75' lang='lat' dir='ltr'>Meyero</span> <span class='ocrx_word' id='word_1_114' title='bbox 754 1774 852 1860; x_wconf 83' lang='lat' dir='ltr'>(stud.</span> <span class='ocrx_word' id='word_1_115' title='bbox 876 1773 906 1839; x_wconf 91' lang='lat' dir='ltr'>V</span> <span class='ocrx_word' id='word_1_116' title='bbox 934 1775 997 1859; x_wconf 80' lang='grc'>96)</span> <span class='ocrx_word' id='word_1_117' title='bbox 1020 1773 1151 1839; x_wconf 80' lang='lat' dir='ltr'>allatae:</span> <span class='ocrx_word' id='word_1_118' title='bbox 1181 1766 1344 1859; x_wconf 80' lang='grc' dir='ltr'><strong><em>κεραξόος,</em></strong></span> 
     </span>
     <span class='ocr_line' id='line_1_16' title="bbox 262 1870 1346 1966; baseline -0.003 -24"><span class='ocrx_word' id='word_1_119' title='bbox 262 1870 466 1966; x_wconf 75' lang='grc' dir='ltr'><strong><em>σελαηφόρος</em></strong></span> <span class='ocrx_word' id='word_1_120' title='bbox 489 1887 547 1945; x_wconf 88' lang='lat' dir='ltr'>cet.</span> <span class='ocrx_word' id='word_1_121' title='bbox 571 1878 613 1943; x_wconf 81' lang='lat' dir='ltr'>ad</span> <span class='ocrx_word' id='word_1_122' title='bbox 636 1879 757 1944; x_wconf 87' lang='lat' dir='ltr'>formas</span> <span class='ocrx_word' id='word_1_123' title='bbox 779 1878 952 1964; x_wconf 77' lang='lat' dir='ltr'>primariae</span> <span class='ocrx_word' id='word_1_124' title='bbox 970 1877 1123 1942; x_wconf 78' lang='lat' dir='ltr'>reducere</span> <span class='ocrx_word' id='word_1_125' title='bbox 1144 1875 1250 1957; x_wconf 86' lang='lat' dir='ltr'>liceat,</span> <span class='ocrx_word' id='word_1_126' title='bbox 1264 1897 1346 1961; x_wconf 90' lang='lat' dir='ltr'>quae</span> 
     </span>
     <span class='ocr_line' id='line_1_17' title="bbox 260 1979 1345 2066; baseline -0.001 -23"><span class='ocrx_word' id='word_1_127' title='bbox 260 1999 281 2043; x_wconf 90' lang='grc' dir='ltr'><em>σ</em></span> <span class='ocrx_word' id='word_1_128' title='bbox 309 1980 392 2045; x_wconf 88' lang='lat' dir='ltr'>inter</span> <span class='ocrx_word' id='word_1_129' title='bbox 413 1979 547 2046; x_wconf 70' lang='lat' dir='ltr'>vocales</span> <span class='ocrx_word' id='word_1_130' title='bbox 573 1981 762 2056; x_wconf 80' lang='lat' dir='ltr'>habuerint,</span> <span class='ocrx_word' id='word_1_131' title='bbox 795 2003 837 2044; x_wconf 89' lang='lat' dir='ltr'>an</span> <span class='ocrx_word' id='word_1_132' title='bbox 868 1980 950 2044; x_wconf 81' lang='lat' dir='ltr'>haec</span> <span class='ocrx_word' id='word_1_133' title='bbox 969 1981 1149 2066; x_wconf 79' lang='lat' dir='ltr'>composita</span> <span class='ocrx_word' id='word_1_134' title='bbox 1169 1980 1345 2066; x_wconf 83' lang='lat' dir='ltr'>posteriore</span> 
     </span>
     <span class='ocr_line' id='line_1_18' title="bbox 258 2082 1344 2170; baseline 0.001 -25"><span class='ocrx_word' id='word_1_135' title='bbox 258 2090 400 2169; x_wconf 87' lang='lat' dir='ltr'>tempore</span> <span class='ocrx_word' id='word_1_136' title='bbox 429 2091 507 2148; x_wconf 88' lang='lat' dir='ltr'>nata</span> <span class='ocrx_word' id='word_1_137' title='bbox 537 2085 618 2167; x_wconf 81' lang='lat' dir='ltr'>sint,</span> <span class='ocrx_word' id='word_1_138' title='bbox 649 2083 703 2148; x_wconf 90' lang='lat' dir='ltr'>ubi</span> <span class='ocrx_word' id='word_1_139' title='bbox 732 2084 878 2170; x_wconf 81' lang='lat' dir='ltr'>sigmatis</span> <span class='ocrx_word' id='word_1_140' title='bbox 900 2083 991 2148; x_wconf 83' lang='lat' dir='ltr'>elisio</span> <span class='ocrx_word' id='word_1_141' title='bbox 1009 2085 1079 2170; x_wconf 90' lang='lat' dir='ltr'>jam</span> <span class='ocrx_word' id='word_1_142' title='bbox 1101 2082 1245 2169; x_wconf 62' lang='lat' dir='ltr'>perfecta</span> <span class='ocrx_word' id='word_1_143' title='bbox 1267 2090 1344 2147; x_wconf 84' lang='lat' dir='ltr'>erat</span> 
     </span>
    </p>

    <p class='ocr_par' dir='ltr' id='par_1_4' title="bbox 256 2184 1344 2376">
     <span class='ocr_line' id='line_1_19' title="bbox 343 2184 1344 2274; baseline -0.003 -23"><span class='ocrx_word' id='word_1_144' title='bbox 343 2186 490 2266; x_wconf 78' lang='lat' dir='ltr'>Formae,</span> <span class='ocrx_word' id='word_1_145' title='bbox 512 2209 595 2274; x_wconf 86' lang='lat' dir='ltr'>quae</span> <span class='ocrx_word' id='word_1_146' title='bbox 618 2186 768 2252; x_wconf 83' lang='lat' dir='ltr'>dicuntur</span> <span class='ocrx_word' id='word_1_147' title='bbox 789 2187 907 2267; x_wconf 68' lang='lat' dir='ltr'>futura</span> <span class='ocrx_word' id='word_1_148' title='bbox 921 2186 955 2250; x_wconf 88' lang='lat' dir='ltr'>in</span> <span class='ocrx_word' id='word_1_149' title='bbox 971 2184 1117 2252; x_wconf 88' lang='lat' dir='ltr'>hocloco</span> <span class='ocrx_word' id='word_1_150' title='bbox 1132 2185 1344 2267; x_wconf 79' lang='lat' dir='ltr'>collocandae,</span> 
     </span>
     <span class='ocr_line' id='line_1_20' title="bbox 256 2289 1194 2376; baseline 0.004 -25"><span class='ocrx_word' id='word_1_151' title='bbox 256 2299 299 2351; x_wconf 85' lang='lat' dir='ltr'>ut·</span> <span class='ocrx_word' id='word_1_152' title='bbox 314 2289 376 2354; x_wconf 68' lang='lat' dir='ltr'>uu</span> <span class='ocrx_word' id='word_1_153' title='bbox 398 2289 449 2368; x_wconf 71' lang='lat' dir='ltr'>alr,</span> <span class='ocrx_word' id='word_1_154' title='bbox 469 2300 586 2376; x_wconf 79' lang='lat' dir='ltr'>postea</span> <span class='ocrx_word' id='word_1_155' title='bbox 604 2309 682 2356; x_wconf 89' lang='lat' dir='ltr'>cum·</span> <span class='ocrx_word' id='word_1_156' title='bbox 700 2291 815 2354; x_wconf 72' lang='lat' dir='ltr'>couno</span> <span class='ocrx_word' id='word_1_157' title='bbox 836 2289 953 2355; x_wconf 69' lang='lat' dir='ltr'>strumis</span> <span class='ocrx_word' id='word_1_158' title='bbox 975 2289 1194 2355; x_wconf 79' lang='lat' dir='ltr'>tractabimus.</span> 
     </span>
    </p>
   </div>
   <div class='ocr_carea' id='block_1_3' title="bbox 524 2476 1079 2535">
    <p class='ocr_par' dir='ltr' id='par_1_5' title="bbox 524 2476 1079 2535">
     <span class='ocr_line' id='line_1_21' title="bbox 524 2476 1079 2535; baseline 0 -2"><span class='ocrx_word' id='word_1_159' title='bbox 524 2479 550 2533; x_wconf 86' lang='grc'>2.</span> <span class='ocrx_word' id='word_1_160' title='bbox 585 2476 730 2535; x_wconf 70' lang='lat' dir='ltr'>sununs</span> <span class='ocrx_word' id='word_1_161' title='bbox 747 2477 787 2532; x_wconf 86' lang='lat' dir='ltr'>IN</span> <span class='ocrx_word' id='word_1_162' title='bbox 805 2483 870 2531; x_wconf 78' lang='grc' dir='ltr'>-ΕΣ</span> <span class='ocrx_word' id='word_1_163' title='bbox 885 2477 1079 2534; x_wconf 78' lang='lat' dir='ltr'><strong>CADENTES.</strong></span> 
     </span>
    </p>
   </div>
   <div class='ocr_carea' id='block_1_4' title="bbox 254 2597 1348 4230">
    <p class='ocr_par' dir='ltr' id='par_1_6' title="bbox 254 2597 1348 4230">
     <span class='ocr_line' id='line_1_22' title="bbox 346 2597 1346 2686; baseline 0.004 -25"><span class='ocrx_word' id='word_1_164' title='bbox 346 2599 430 2661; x_wconf 80' lang='lat' dir='ltr'>Sunt</span> <span class='ocrx_word' id='word_1_165' title='bbox 456 2597 655 2664; x_wconf 61' lang='lat' dir='ltr'>subeuntia</span> <span class='ocrx_word' id='word_1_166' title='bbox 685 2608 786 2665; x_wconf 85' lang='lat' dir='ltr'>neutr.</span> <span class='ocrx_word' id='word_1_167' title='bbox 808 2621 880 2684; x_wconf 81' lang='lat' dir='ltr'>gen.</span> <span class='ocrx_word' id='word_1_168' title='bbox 902 2600 937 2664; x_wconf 92' lang='lat' dir='ltr'>in</span> <span class='ocrx_word' id='word_1_169' title='bbox 958 2622 1008 2674; x_wconf 79' lang='grc' dir='ltr'>-ος</span> <span class='ocrx_word' id='word_1_170' title='bbox 1038 2609 1070 2665; x_wconf 86' lang='lat' dir='ltr'>et</span> <span class='ocrx_word' id='word_1_171' title='bbox 1092 2599 1206 2686; x_wconf 80' lang='lat' dir='ltr'>adject.</span> <span class='ocrx_word' id='word_1_172' title='bbox 1228 2602 1262 2664; x_wconf 89' lang='lat' dir='ltr'>in</span> <span class='ocrx_word' id='word_1_173' title='bbox 1285 2623 1346 2678; x_wconf 84' lang='grc' dir='ltr'>-ης,</span> 
     </span>
     <span class='ocr_line' id='line_1_23' title="bbox 259 2701 1346 2790; baseline 0.002 -26"><span class='ocrx_word' id='word_1_174' title='bbox 259 2722 313 2779; x_wconf 64' lang='grc' dir='ltr'>ας,</span> <span class='ocrx_word' id='word_1_175' title='bbox 335 2721 419 2787; x_wconf 89' lang='lat' dir='ltr'>quae</span> <span class='ocrx_word' id='word_1_176' title='bbox 440 2701 474 2764; x_wconf 93' lang='lat' dir='ltr'>in</span> <span class='ocrx_word' id='word_1_177' title='bbox 496 2701 644 2767; x_wconf 78' lang='lat' dir='ltr'>omnibus</span> <span class='ocrx_word' id='word_1_178' title='bbox 665 2702 796 2768; x_wconf 73' lang='lat' dir='ltr'>casibus</span> <span class='ocrx_word' id='word_1_179' title='bbox 816 2711 944 2789; x_wconf 80' lang='lat' dir='ltr'>praeter</span> <span class='ocrx_word' id='word_1_180' title='bbox 964 2724 1048 2767; x_wconf 93' lang='lat' dir='ltr'>nom.</span> <span class='ocrx_word' id='word_1_181' title='bbox 1072 2720 1119 2787; x_wconf 83' lang='lat' dir='ltr'>eg.</span> <span class='ocrx_word' id='word_1_182' title='bbox 1142 2703 1252 2770; x_wconf 84' lang='lat' dir='ltr'>et&#39;dat.</span> <span class='ocrx_word' id='word_1_183' title='bbox 1267 2701 1346 2790; x_wconf 76' lang='lat' dir='ltr'>pio</span> 
     </span>
     <span class='ocr_line' id='line_1_24' title="bbox 258 2800 1345 2893; baseline 0.003 -27"><span class='ocrx_word' id='word_1_184' title='bbox 258 2804 449 2869; x_wconf 68' lang='lat' dir='ltr'>amiserunt:</span> <span class='ocrx_word' id='word_1_185' title='bbox 471 2800 611 2892; x_wconf 72' lang='lat' dir='ltr'>‹peddouc</span> <span class='ocrx_word' id='word_1_186' title='bbox 631 2829 672 2872; x_wconf 86' lang='lat' dir='ltr'>ex</span> <span class='ocrx_word' id='word_1_187' title='bbox 694 2806 861 2893; x_wconf 72' lang='lat' dir='ltr'>opeudeooc,</span> <span class='ocrx_word' id='word_1_188' title='bbox 875 2804 969 2893; x_wconf 77' lang='grc' dir='ltr'><strong><em>σαφῆ</em></strong></span> <span class='ocrx_word' id='word_1_189' title='bbox 982 2828 1024 2870; x_wconf 84' lang='lat' dir='ltr'>ex</span> <span class='ocrx_word' id='word_1_190' title='bbox 1038 2824 1169 2892; x_wconf 78' lang='grc' dir='ltr'><strong><em>σαφεσα</em></strong></span> <span class='ocrx_word' id='word_1_191' title='bbox 1184 2815 1242 2872; x_wconf 83' lang='lat' dir='ltr'>cet.</span> <span class='ocrx_word' id='word_1_192' title='bbox 1275 2805 1345 2886; x_wconf 81' lang='lat' dir='ltr'>Ilia,</span> 
     </span>
     <span class='ocr_line' id='line_1_25' title="bbox 257 2905 1344 2996; baseline 0.005 -27"><span class='ocrx_word' id='word_1_193' title='bbox 257 2907 320 2970; x_wconf 78' lang='lat' dir='ltr'>nini</span> <span class='ocrx_word' id='word_1_194' title='bbox 332 2906 434 2987; x_wconf 80' lang='lat' dir='ltr'>fallor,</span> <span class='ocrx_word' id='word_1_195' title='bbox 446 2909 553 2973; x_wconf 88' lang='lat' dir='ltr'>omnia</span> <span class='ocrx_word' id='word_1_196' title='bbox 564 2907 887 2993; x_wconf 80' lang='lat' dir='ltr'>ccilegitLobeckius</span> <span class='ocrx_word' id='word_1_197' title='bbox 898 2910 931 2973; x_wconf 91' lang='lat' dir='ltr'>in</span> <span class='ocrx_word' id='word_1_198' title='bbox 942 2905 1117 2996; x_wconf 67' lang='grc' dir='ltr'><strong><em>ρἠματιαρῖ</em></strong></span> <span class='ocrx_word' id='word_1_199' title='bbox 1126 2908 1243 2995; x_wconf 64' lang='lat'>(11:289</span> <span class='ocrx_word' id='word_1_200' title='bbox 1253 2908 1344 2993; x_wconf 84' lang='lat' dir='ltr'>eqq.).·</span> 
     </span>
     <span class='ocr_line' id='line_1_26' title="bbox 261 3008 1345 3098; baseline 0.003 -26"><span class='ocrx_word' id='word_1_201' title='bbox 261 3008 336 3095; x_wconf 86' lang='lat' dir='ltr'>Adj.</span> <span class='ocrx_word' id='word_1_202' title='bbox 358 3010 393 3073; x_wconf 90' lang='lat' dir='ltr'>in</span> <span class='ocrx_word' id='word_1_203' title='bbox 415 3032 476 3090; x_wconf 82' lang='grc' dir='ltr'>-ης,</span> <span class='ocrx_word' id='word_1_204' title='bbox 499 3032 544 3085; x_wconf 76' lang='grc' dir='ltr'>-ες</span> <span class='ocrx_word' id='word_1_205' title='bbox 564 3012 717 3077; x_wconf 78' lang='lat' dir='ltr'>nonnulla</span> <span class='ocrx_word' id='word_1_206' title='bbox 739 3012 903 3098; x_wconf 79' lang='lat' dir='ltr'>simplicia,</span> <span class='ocrx_word' id='word_1_207' title='bbox 918 3010 1246 3076; x_wconf 74' lang='lat' dir='ltr'>innumerabiliuiere</span> <span class='ocrx_word' id='word_1_208' title='bbox 1261 3030 1345 3075; x_wconf 88' lang='lat' dir='ltr'>com·</span> 
     </span>
     <span class='ocr_line' id='line_1_27' title="bbox 260 3111 1345 3202; baseline 0.003 -27"><span class='ocrx_word' id='word_1_209' title='bbox 260 3111 367 3196; x_wconf 76' lang='lat' dir='ltr'>posita</span> <span class='ocrx_word' id='word_1_210' title='bbox 400 3113 606 3180; x_wconf 86' lang='lat' dir='ltr'>inveniuntur</span> <span class='ocrx_word' id='word_1_211' title='bbox 635 3112 689 3202; x_wconf 83' lang='lat' dir='ltr'>(cf.</span> <span class='ocrx_word' id='word_1_212' title='bbox 719 3112 812 3189; x_wconf 71' lang='lat' dir='ltr'>Pici,</span> <span class='ocrx_word' id='word_1_213' title='bbox 843 3113 1003 3181; x_wconf 78' lang='lat' dir='ltr'>Beanenb.</span> <span class='ocrx_word' id='word_1_214' title='bbox 1034 3115 1124 3180; x_wconf 85' lang='lat' dir='ltr'>beitr.</span> <span class='ocrx_word' id='word_1_215' title='bbox 1155 3113 1176 3176; x_wconf 75' lang='lat'>1¹</span> <span class='ocrx_word' id='word_1_216' title='bbox 1197 3114 1260 3179; x_wconf 77' lang='lat'>233</span> <span class='ocrx_word' id='word_1_217' title='bbox 1289 3112 1345 3199; x_wconf 71' lang='lat' dir='ltr'>u).</span> 
     </span>
     <span class='ocr_line' id='line_1_28' title="bbox 259 3214 1348 3305; baseline 0.005 -28"><span class='ocrx_word' id='word_1_218' title='bbox 259 3214 570 3283; x_wconf 62' lang='lat' dir='ltr'>Aunedonnacum</span> <span class='ocrx_word' id='word_1_219' title='bbox 580 3217 740 3284; x_wconf 84' lang='lat' dir='ltr'>vocabula</span> <span class='ocrx_word' id='word_1_220' title='bbox 748 3220 844 3305; x_wconf 78' lang='grc' dir='ltr'><strong><em>χέρης</em></strong></span> <span class='ocrx_word' id='word_1_221' title='bbox 855 3216 1044 3303; x_wconf 77' lang='lat' dir='ltr'>(Bragman,</span> <span class='ocrx_word' id='word_1_222' title='bbox 1057 3218 1097 3285; x_wconf 88' lang='lat' dir='ltr'>K.</span> <span class='ocrx_word' id='word_1_223' title='bbox 1109 3217 1146 3285; x_wconf 82' lang='lat' dir='ltr'>Z.</span> <span class='ocrx_word' id='word_1_224' title='bbox 1157 3216 1270 3282; x_wconf 87' lang='lat' dir='ltr'>XXIV</span> <span class='ocrx_word' id='word_1_225' title='bbox 1287 3219 1327 3282; x_wconf 88' lang='lat'>31</span> <span class='ocrx_word' id='word_1_226' title='bbox 1340 3246 1348 3298; x_wconf 70' lang='grc' dir='ltr'><strong>ς</strong></span> 
     </span>
     <span class='ocr_line' id='line_1_29' title="bbox 259 3314 1346 3409; baseline 0.004 -28"><span class='ocrx_word' id='word_1_227' title='bbox 259 3319 298 3382; x_wconf 90' lang='lat' dir='ltr'>of.</span> <span class='ocrx_word' id='word_1_228' title='bbox 321 3328 489 3404; x_wconf 85' lang='lat' dir='ltr'>praeterea</span> <span class='ocrx_word' id='word_1_229' title='bbox 505 3320 616 3388; x_wconf 73' lang='lat' dir='ltr'>Vauid.</span> <span class='ocrx_word' id='word_1_230' title='bbox 641 3343 694 3409; x_wconf 88' lang='lat' dir='ltr'>pp.</span> <span class='ocrx_word' id='word_1_231' title='bbox 714 3321 753 3386; x_wconf 82' lang='grc'>47</span> <span class='ocrx_word' id='word_1_232' title='bbox 779 3331 811 3386; x_wconf 87' lang='lat' dir='ltr'>et</span> <span class='ocrx_word' id='word_1_233' title='bbox 832 3320 909 3406; x_wconf 76' lang='lat'>250)</span> <span class='ocrx_word' id='word_1_234' title='bbox 932 3331 964 3386; x_wconf 87' lang='lat' dir='ltr'>et</span> <span class='ocrx_word' id='word_1_235' title='bbox 986 3322 1207 3407; x_wconf 78' lang='lat' dir='ltr'>comparativa</span> <span class='ocrx_word' id='word_1_236' title='bbox 1228 3314 1346 3404; x_wconf 74' lang='grc' dir='ltr'><strong><em>ἀρείων</em></strong></span> 
     </span>
     <span class='ocr_line' id='line_1_30' title="bbox 259 3416 1348 3511; baseline 0.001 -26"><span class='ocrx_word' id='word_1_237' title='bbox 259 3422 312 3505; x_wconf 73' lang='lat' dir='ltr'>(ct</span> <span class='ocrx_word' id='word_1_238' title='bbox 348 3416 390 3488; x_wconf 84' lang='grc' dir='ltr'>τὸ</span> <span class='ocrx_word' id='word_1_239' title='bbox 424 3421 504 3511; x_wconf 75' lang='grc' dir='ltr'><strong><em>ἄρος</em></strong></span> <span class='ocrx_word' id='word_1_240' title='bbox 536 3423 692 3503; x_wconf 80' lang='lat' dir='ltr'>‚,utilitae“</span> <span class='ocrx_word' id='word_1_241' title='bbox 729 3423 817 3511; x_wconf 87' lang='lat' dir='ltr'>apud</span> <span class='ocrx_word' id='word_1_242' title='bbox 845 3422 962 3491; x_wconf 76' lang='lat' dir='ltr'>Aesch.</span> <span class='ocrx_word' id='word_1_243' title='bbox 993 3423 1103 3510; x_wconf 81' lang='lat' dir='ltr'>Suppi.</span> <span class='ocrx_word' id='word_1_244' title='bbox 1134 3425 1194 3489; x_wconf 68' lang='lat'>8131</span> <span class='ocrx_word' id='word_1_245' title='bbox 1226 3422 1348 3503; x_wconf 83' lang='lat' dir='ltr'>Herm,</span> 
     </span>
     <span class='ocr_line' id='line_1_31' title="bbox 259 3523 1348 3614; baseline 0.002 -27"><span class='ocrx_word' id='word_1_246' title='bbox 259 3523 357 3607; x_wconf 78' lang='lat' dir='ltr'>vulgo</span> <span class='ocrx_word' id='word_1_247' title='bbox 380 3525 466 3610; x_wconf 88' lang='grc'>889),</span> <span class='ocrx_word' id='word_1_248' title='bbox 485 3528 617 3612; x_wconf 71' lang='grc' dir='ltr'><strong><em>χερείων</em></strong></span> <span class='ocrx_word' id='word_1_249' title='bbox 638 3546 678 3592; x_wconf 83' lang='lat' dir='ltr'>ex</span> <span class='ocrx_word' id='word_1_250' title='bbox 700 3523 859 3614; x_wconf 76' lang='grc' dir='ltr'><strong><em>ἄρας-νων,</em></strong></span> <span class='ocrx_word' id='word_1_251' title='bbox 877 3540 1060 3614; x_wconf 59' lang='lat' dir='ltr'>xoptatum</span> <span class='ocrx_word' id='word_1_252' title='bbox 1081 3536 1250 3612; x_wconf 72' lang='lat' dir='ltr'>praeterea</span> <span class='ocrx_word' id='word_1_253' title='bbox 1264 3526 1348 3590; x_wconf 86' lang='lat' dir='ltr'>inter</span> 
     </span>
     <span class='ocr_line' id='line_1_32' title="bbox 261 3622 1347 3716; baseline 0.003 -26"><span class='ocrx_word' id='word_1_254' title='bbox 261 3627 320 3692; x_wconf 82' lang='lat' dir='ltr'>hae</span> <span class='ocrx_word' id='word_1_255' title='bbox 344 3628 460 3714; x_wconf 81' lang='lat' dir='ltr'>stirpes</span> <span class='ocrx_word' id='word_1_256' title='bbox 482 3629 684 3694; x_wconf 84' lang='lat' dir='ltr'>numeranda</span> <span class='ocrx_word' id='word_1_257' title='bbox 705 3640 781 3695; x_wconf 79' lang='lat' dir='ltr'>eunt</span> <span class='ocrx_word' id='word_1_258' title='bbox 801 3632 932 3695; x_wconf 83' lang='lat' dir='ltr'>nomina</span> <span class='ocrx_word' id='word_1_259' title='bbox 950 3630 1082 3716; x_wconf 81' lang='lat' dir='ltr'>propria</span> <span class='ocrx_word' id='word_1_260' title='bbox 1095 3622 1228 3694; x_wconf 73' lang='lat' dir='ltr'>Persica</span> <span class='ocrx_word' id='word_1_261' title='bbox 1237 3628 1347 3716; x_wconf 80' lang='grc' dir='ltr'><strong><em>Ἀρτα-</em></strong></span> 
     </span>
     <span class='ocr_line' id='line_1_33' title="bbox 259 3726 1347 3819; baseline 0.004 -27"><span class='ocrx_word' id='word_1_262' title='bbox 259 3733 385 3814; x_wconf 75' lang='grc' dir='ltr'>γε’ρσης,</span> <span class='ocrx_word' id='word_1_263' title='bbox 405 3726 626 3818; x_wconf 72' lang='grc' dir='ltr'><strong><em>Ἀρταφέρνης</em></strong></span> <span class='ocrx_word' id='word_1_264' title='bbox 656 3742 688 3797; x_wconf 87' lang='lat' dir='ltr'>et</span> <span class='ocrx_word' id='word_1_265' title='bbox 709 3754 826 3797; x_wconf 86' lang='lat' dir='ltr'>nomen</span> <span class='ocrx_word' id='word_1_266' title='bbox 846 3726 945 3818; x_wconf 79' lang='grc' dir='ltr'><strong><em>Ἀρής.</em></strong></span> <span class='ocrx_word' id='word_1_267' title='bbox 989 3733 1195 3815; x_wconf 85' lang='lat' dir='ltr'>Brugmanue</span> <span class='ocrx_word' id='word_1_268' title='bbox 1218 3733 1347 3819; x_wconf 90' lang='lat' dir='ltr'>quidem</span> 
     </span>
     <span class='ocr_line' id='line_1_34' title="bbox 260 3829 1348 3924; baseline 0.007 -30"><span class='ocrx_word' id='word_1_269' title='bbox 260 3830 291 3917; x_wconf 86' lang='lat' dir='ltr'>(i.</span> <span class='ocrx_word' id='word_1_270' title='bbox 316 3830 349 3916; x_wconf 90' lang='grc' dir='ltr'>Ι.)</span> <span class='ocrx_word' id='word_1_271' title='bbox 366 3832 533 3918; x_wconf 77' lang='lat' dir='ltr'>scrupulos</span> <span class='ocrx_word' id='word_1_272' title='bbox 548 3832 661 3899; x_wconf 91' lang='lat' dir='ltr'>habuit</span> <span class='ocrx_word' id='word_1_273' title='bbox 676 3835 716 3900; x_wconf 86' lang='lat' dir='ltr'>dc</span> <span class='ocrx_word' id='word_1_274' title='bbox 731 3835 847 3899; x_wconf 77' lang='lat' dir='ltr'>formis</span> <span class='ocrx_word' id='word_1_275' title='bbox 862 3829 1132 3919; x_wconf 69' lang='lat' dir='ltr'>Aeolicie’Aouic,</span> <span class='ocrx_word' id='word_1_276' title='bbox 1148 3836 1348 3924; x_wconf 52' lang='lat' dir='ltr'>genleieevoc</span> 
     </span>
     <span class='ocr_line' id='line_1_35' title="bbox 258 3935 1348 4025; baseline 0.006 -25"><span class='ocrx_word' id='word_1_277' title='bbox 258 3945 317 4003; x_wconf 91' lang='lat' dir='ltr'>cet.</span> <span class='ocrx_word' id='word_1_278' title='bbox 340 3936 432 4022; x_wconf 86' lang='lat' dir='ltr'>(Ahr.</span> <span class='ocrx_word' id='word_1_279' title='bbox 462 3936 492 4003; x_wconf 92' lang='lat' dir='ltr'>d.</span> <span class='ocrx_word' id='word_1_280' title='bbox 514 3935 603 4001; x_wconf 88' lang='lat' dir='ltr'>Aeol.</span> <span class='ocrx_word' id='word_1_281' title='bbox 628 3937 713 4024; x_wconf 78' lang='lat'>121),</span> <span class='ocrx_word' id='word_1_282' title='bbox 744 3959 879 4025; x_wconf 83' lang='lat' dir='ltr'>quorum</span> <span class='ocrx_word' id='word_1_283' title='bbox 912 3959 953 4002; x_wconf 91' lang='lat' dir='ltr'>ex</span> <span class='ocrx_word' id='word_1_284' title='bbox 984 3958 1117 4003; x_wconf 88' lang='lat' dir='ltr'>numero</span> <span class='ocrx_word' id='word_1_285' title='bbox 1146 3941 1348 4006; x_wconf 81' lang='lat' dir='ltr'>accusativus</span> 
     </span>
     <span class='ocr_line' id='line_1_36' title="bbox 254 4031 1348 4129; baseline 0.006 -26"><span class='ocrx_word' id='word_1_286' title='bbox 254 4031 366 4123; x_wconf 79' lang='grc' dir='ltr'><strong><em>Ἆρενα</em></strong></span> <span class='ocrx_word' id='word_1_287' title='bbox 403 4037 520 4125; x_wconf 86' lang='lat' dir='ltr'>legitur</span> <span class='ocrx_word' id='word_1_288' title='bbox 556 4038 643 4126; x_wconf 89' lang='lat' dir='ltr'>apud</span> <span class='ocrx_word' id='word_1_289' title='bbox 674 4039 857 4106; x_wconf 80' lang='lat' dir='ltr'>Corinnam.</span> <span class='ocrx_word' id='word_1_290' title='bbox 907 4038 989 4104; x_wconf 80' lang='lat' dir='ltr'>Cum</span> <span class='ocrx_word' id='word_1_291' title='bbox 1020 4040 1137 4128; x_wconf 82' lang='lat' dir='ltr'>quibus</span> <span class='ocrx_word' id='word_1_292' title='bbox 1165 4055 1348 4129; x_wconf 86' lang='lat' dir='ltr'>congruunt</span> 
     </span>
     <span class='ocr_line' id='line_1_37' title="bbox 258 4133 1347 4230; baseline 0.005 -26"><span class='ocrx_word' id='word_1_293' title='bbox 258 4140 382 4206; x_wconf 84' lang='lat' dir='ltr'>formae</span> <span class='ocrx_word' id='word_1_294' title='bbox 402 4139 596 4207; x_wconf 86' lang='lat' dir='ltr'>Homericae</span> <span class='ocrx_word' id='word_1_295' title='bbox 611 4133 747 4228; x_wconf 73' lang='grc' dir='ltr'>Ἄρηος,</span> <span class='ocrx_word' id='word_1_296' title='bbox 767 4134 875 4228; x_wconf 77' lang='grc' dir='ltr'><strong><em>Ἄρηι,</em></strong></span> <span class='ocrx_word' id='word_1_297' title='bbox 892 4134 995 4229; x_wconf 73' lang='grc' dir='ltr'><strong><em>Ἀρηα</em></strong></span> <span class='ocrx_word' id='word_1_298' title='bbox 1016 4145 1066 4229; x_wconf 85' lang='lat' dir='ltr'>(ut</span> <span class='ocrx_word' id='word_1_299' title='bbox 1091 4143 1252 4228; x_wconf 74' lang='grc' dir='ltr'><strong><em>βασιλῆος</em></strong></span> <span class='ocrx_word' id='word_1_300' title='bbox 1272 4147 1347 4230; x_wconf 84' lang='lat' dir='ltr'>cet.)</span> 
     </span>
    </p>
   </div>
   <div class='ocr_carea' id='block_1_5' title="bbox 259 4243 1408 4339">
    <p class='ocr_par' dir='ltr' id='par_1_7' title="bbox 259 4243 1408 4339">
     <span class='ocr_line' id='line_1_38' title="bbox 259 4243 1408 4339; baseline 0.01 -32"><span class='ocrx_word' id='word_1_301' title='bbox 259 4251 292 4307; x_wconf 90' lang='lat' dir='ltr'>et</span> <span class='ocrx_word' id='word_1_302' title='bbox 312 4244 477 4327; x_wconf 73' lang='lat' dir='ltr'>genitivus</span> <span class='ocrx_word' id='word_1_303' title='bbox 498 4243 680 4310; x_wconf 87' lang='lat' dir='ltr'>Atticorum</span> <span class='ocrx_word' id='word_1_304' title='bbox 703 4243 825 4332; x_wconf 71' lang='grc' dir='ltr'><strong><em>Ἄρεως.</em></strong></span> <span class='ocrx_word' id='word_1_305' title='bbox 870 4244 1079 4331; x_wconf 63' lang='lat' dir='ltr'>Commeat,</span> <span class='ocrx_word' id='word_1_306' title='bbox 1100 4248 1186 4339; x_wconf 71' lang='lat' dir='ltr'>quood</span> <span class='ocrx_word' id='word_1_307' title='bbox 1208 4271 1266 4316; x_wconf 83' lang='lat' dir='ltr'>nos</span> <span class='ocrx_word' id='word_1_308' title='bbox 1286 4249 1346 4318; x_wconf 80' lang='lat' dir='ltr'>&#39;nn-</span> <span class='ocrx_word' id='word_1_309' title='bbox 1406 4288 1408 4295; x_wconf 42' lang='lat' dir='ltr'>v</span> 
     </span>
    </p>
   </div>
   <div class='ocr_carea' id='block_1_6' title="bbox 0 0 1637 4822">
    <p class='ocr_par' dir='ltr' id='par_1_8' title="bbox 0 0 1637 4822">
     <span class='ocr_line' id='line_1_39' title="bbox 0 0 1637 4822; baseline 0 0"><span class='ocrx_word' id='word_1_310' title='bbox 0 0 1637 4822; x_wconf 95' lang='lat' dir='ltr'> </span> 
     </span>
    </p>
   </div>
  </div>
 </body>
</html>
