3256 4822
673 250 887 315 -67.-

319 418 442 483 formae
457 413 660 485 Herodoteae
683 441 794 485 omnes
817 442 836 484 a
859 441 880 485 σ
902 423 1060 509 incipiunt
1080 433 1210 511 praeter
1232 447 1330 490 unum

236 520 379 585 dativum
403 523 584 588 encliticam
609 526 677 601 τοίς

319 625 442 689 formae
463 625 590 691 Atticae
612 638 724 691 omnes
747 648 804 712 per
826 647 848 691 σ
870 628 1069 706 scribuntur3

321 728 444 793 formae
468 730 659 795 Homericae
683 731 820 794 usitatae
843 726 901 810 σύ,
931 753 1002 815 gen.
1025 733 1141 806 σέθεν,
1171 740 1251 812 σεῖο,
1274 733 1330 797 σεῦ

235 833 288 915 (cf.
312 833 419 897 Cauer
441 833 522 898 stud.
545 833 609 897 Vll
634 833 726 917 105),
758 834 821 898 dat.
846 836 915 916 ool,
937 833 1083 899 enclitice
1106 836 1176 912 τοί,
1198 857 1263 901 acc.
1287 835 1329 900 σ’.

321 935 523 1000 Pronominis
560 958 623 1001 sec.
656 958 738 1021 pers.
773 937 946 1023 possessivi
979 937 1102 1002 formae
1136 947 1224 1002 sunt:
1263 938 1328 1002 dor.

236 1034 308 1112 τεός
331 1039 375 1124 (in
393 1038 444 1103 Et.
460 1041 503 1104 M.
527 1049 693 1125 praeterea
716 1040 774 1114 τός
796 1039 950 1124 affertur),
972 1039 1077 1104 boeot.
1100 1035 1171 1115 τιός
1194 1041 1327 1104 relatum

235 1138 277 1202 ab
294 1140 398 1228 Apoll.
420 1144 471 1225 35,
494 1142 572 1212 lesb.
596 1137 668 1218 τεός
692 1151 723 1205 et
744 1135 801 1217 σός
823 1140 948 1228 (Ahal
977 1143 1059 1228 126),
1082 1142 1159 1206 Hdt
1182 1143 1249 1222 σός,
1272 1151 1327 1208 att.

236 1237 304 1323 σός,
327 1243 422 1313 Hom.
447 1241 503 1322 σός
526 1255 558 1309 et
580 1237 651 1320 τεός
674 1246 858 1331 (utrumque
881 1246 1069 1332 saepissime
1092 1247 1252 1332 occurrit).

319 1347 523 1414 Pronominis
545 1350 646 1433 igitur
667 1349 843 1435 possessivi
863 1357 928 1413 tres
944 1349 1072 1413 dialecti
1089 1348 1248 1436 duplicem
1264 1349 1328 1413 for-

235 1452 408 1515 mationem
436 1453 594 1538 praebent
623 1452 665 1537 (si
695 1451 747 1517 Et.
779 1452 900 1536 Magno
930 1453 1065 1519 formam
1098 1445 1154 1527 τός
1183 1453 1327 1517 afferenti

234 1552 330 1618 fidem
353 1554 534 1641 habemus),
557 1555 642 1642 quod
666 1576 703 1618 eo
727 1562 839 1617 natum
860 1574 931 1620 esse
953 1544 1079 1635 censeo,
1102 1555 1187 1642 quod
1210 1555 1327 1621 Graeci

235 1656 394 1741 duplicem
424 1659 560 1723 formam
590 1670 679 1722 tavae
708 1667 740 1721 et
768 1662 836 1722 tuus
863 1681 903 1722 ex
925 1658 1037 1741 lingua
1051 1659 1328 1742 Indogermanica

235 1770 447 1847 acceperunt,
476 1783 612 1847 quarum
642 1759 775 1824 alteram
801 1761 913 1844 lingua
935 1782 1011 1825 aser.
1035 1762 1164 1848 (taem),
1193 1762 1327 1826 alteram

236 1862 285 1926 ad.
309 1863 429 1950 (tham)
452 1866 664 1930 conservavit.
701 1862 798 1926 Haud
823 1862 914 1926 aliter
935 1865 1105 1929 nonnullas
1125 1865 1245 1929 formas
1261 1865 1327 1929 dia-

235 1965 389 2030 lectorum
422 1967 618 2054 pronominis
647 1964 826 2052 personalis
856 1966 898 2030 ad
928 1967 1061 2031 eandem
1095 1968 1226 2055 stirpem
1256 1982 1327 2032 σασα

235 2069 421 2134 referendas
444 2093 515 2134 esse
537 2091 652 2134 censeo
676 2069 810 2154 ideoque
834 2091 932 2155 supra
952 2070 1053 2151 omisi,
1077 2078 1112 2132 ut
1129 2069 1221 2134 Hom.
1241 2077 1326 2136 τεοῖο

234 2169 282 2258 (Θ
304 2173 356 2240 37.
379 2174 476 2258 468),
506 2176 573 2239 τεῒν
602 2173 800 2258 (quinquies3
834 2173 873 2237 cf.
897 2172 1004 2237 Canen
1026 2172 1110 2259 ll).
1154 2172 1327 2238 Praeterea

234 2275 371 2341 excludo
394 2279 515 2342 formas
539 2277 736 2358 nominativi,
761 2276 835 2362 quia
857 2277 890 2339 in
913 2278 952 2339 iis
974 2300 994 2340 τ
1016 2298 1188 2341 consonam
1212 2299 1275 2341 non
1293 2282 1326 2357 f,

234 2378 290 2441 sed
314 2401 333 2441 a
356 2379 577 2467 subsequitum
607 2402 683 2443 nam
706 2378 790 2443 hunc
807 2380 1039 2443 nominativum
1057 2381 1237 2443 accuratius
1253 2400 1326 2444 cum

235 2482 300 2562 lat,
329 2482 388 2561 lit,
419 2484 511 2565 alea,
542 2491 607 2566 got.
614 2531 623 2562 ,
651 2481 722 2546 celt.
752 2483 958 2568 conjunctum
981 2483 1117 2546 formam
1140 2485 1325 2571 primariam

234 2584 385 2650 habuisse
413 2586 469 2651 *ta
489 2586 596 2650 credo.
642 2586 694 2649 Ex
715 2585 756 2649 iis
779 2594 885 2648 autem
907 2586 1034 2668 formis,
1065 2606 1147 2672 quae
1170 2587 1211 2651 ab
1234 2588 1325 2652 initio

233 2692 291 2773 per
320 2702 351 2754 ta
380 2688 593 2777 incipiebant,
623 2688 725 2772 legem
755 2687 958 2773 phoneticam
988 2712 1170 2775 possumus
1190 2690 1326 2772 efficere,

234 2801 270 2854 ut
298 2815 357 2879 pro
387 2807 417 2857 ta
445 2806 479 2871 -Ι-
509 2816 570 2856 voc.
603 2793 636 2855 in
667 2790 822 2854 dialectis¹
840 2790 960 2854 Dorica
990 2801 1022 2854 et
1044 2791 1197 2857 Boeotios
1226 2817 1264 2877 v,
1292 2779 1327 2857 in

237 2895 369 2958 Aeolica
391 2904 424 2958 et
445 2894 560 2958 Jonica
583 2894 754 2978 Attio-aque
777 2911 797 2956 σ
820 2895 1072 2978 exspectandum
1096 2897 1185 2982 sit*).

320 2998 413 3079 Quae
435 2996 488 3060 lex
511 2996 718 3061 confirmatur
737 2995 848 3059 formis
870 2998 995 3059 numeri
1018 3001 1137 3083 quarti,
1159 3002 1214 3085 qui
1237 2999 1323 3086 apud

234 3098 339 3164 Dores
362 3104 490 3186 τέτορες
512 3099 605 3185 (Ahr.
621 3098 653 3160 ll
677 3097 763 3180 279),
786 3098 870 3182 apud
888 3098 1028 3163 Boeotos
1049 3096 1202 3187 πέτταρα
1216 3103 1325 3188 (Recr-

233 3224 332 3265 mann
362 3203 445 3268 stud.
468 3202 519 3265 IX
542 3202 613 3289 66),
643 3200 729 3286 apud
750 3199 887 3266 Lesbios
916 3201 1089 3285 πέσσσρες,
1118 3204 1204 3291 apud
1227 3205 1329 3269 Hero·

234 3305 345 3371 dotum
371 3299 530 3390 τέσσερες,
560 3305 646 3390 apud
673 3303 799 3368 Atticos
827 3296 982 3391 τέσσαρες
1009 3307 1090 3393 (rr),
1121 3307 1208 3394 apud
1230 3307 1326 3372 Hom.

234 3412 365 3493 πίσυρες
387 3411 484 3496 (quae
505 3410 609 3473 forma
628 3432 670 3473 ex
685 3408 818 3473 Aeolica
840 3409 976 3473 dialecto
992 3419 1120 3496 sumpta
1135 3410 1196 3495 est)
1212 3420 1243 3474 ct
1257 3407 1326 3475 τέσ-

235 3531 330 3597 σαρες
353 3514 510 3580 scribitur.
555 3513 638 3576 Nam
661 3513 723 3575 nisi
745 3513 831 3600 quod
854 3514 937 3577 inter
958 3514 1087 3576 vocales
1110 3512 1228 3599 duplex
1251 3535 1326 3578 con·

236 3636 315 3679 sona
344 3614 530 3702 plerumque
560 3637 618 3701 pro
649 3616 786 3701 simplici
814 3618 993 3690 invenitur,
1023 3615 1085 3678 hae
1115 3614 1238 3679 formae
1264 3616 1326 3679 illis

233 3718 346 3782 formis
367 3720 566 3804 pronominis
588 3718 790 3803 respondent.

319 3820 493 3887 Praeterea
517 3824 628 3887 eadem
650 3821 776 3887 ratione
798 3820 1000 3907 explicantur
1022 3820 1136 3907 adject.
1159 3822 1191 3883 in
1215 3822 1326 3895 -oalmc

237 3946 444 3957 Μ

319 3990 350 4049 *l
362 3991 489 4049 Fortasse
502 3995 606 4048 formae
619 3993 762 4051 encliticae
775 3992 811 4046 ab
820 3992 900 4051 initio
912 4010 969 4048 non
980 4001 1088 4062 peras,
1101 3993 1149 4046 sed
1160 4007 1210 4062 per
1218 4008 1327 4047 merum

233 4099 249 4132 τ
265 4078 435 4149 incipiebant
451 4079 499 4150 (ef.
518 4087 635 4135 formam
653 4079 847 4133 Senseriticam
865 4079 1019 4134 encliticam
1037 4086 1061 4132 te
1079 4095 1096 4131 a
1114 4080 1213 4137 ceteris
1230 4080 1327 4134 abhor·

232 4168 354 4231 rentem3
388 4184 452 4221 nem
482 4184 542 4238 gen.
571 4175 635 4220 σασα
662 4166 763 4221 rectius
789 4183 853 4220 oum
880 4166 964 4236 stirpe
991 4165 1158 4236 pronominis
1186 4166 1329 4237 possessivi

233 4254 429 4326 conjungitur).
1205 4255 1207 4259 '

1093 4353 1133 4406 5a
