3256 4822
734 272 945 336 ...10-

295 443 419 533 (Soph,
433 441 576 529 Herod),
599 436 725 518 σειστός
740 441 827 528 (Ar.)
849 463 870 508 o
891 441 1085 528 praebent³).
1131 440 1219 507 Inter
1241 440 1386 507 derivata

295 549 366 613 voci
388 538 521 630 σεισμός
543 555 670 628 „terrae
691 549 830 611 tremor“
854 566 979 609 summa
997 544 1080 609 fides
1103 553 1151 608 est
1166 545 1290 633 (Soph.‚
1305 547 1386 632 Au),

295 658 403 715 cetera
425 649 476 716 vd
500 649 587 736 apud
604 649 685 715 Van.
706 671 737 737 p.
761 651 854 731 1050,
870 649 925 735 qui
939 647 1031 734 ponit
1045 653 1105 712 oss
1118 648 1260 712 radicem
1274 671 1386 715 secun-

295 752 370 817 dum
387 751 490 817 Curtii
505 752 611 838 (Gra.⁴
633 754 711 838 375)
733 752 952 837 conjecturam
974 773 992 815 e
1015 751 1082 816 rad.
1104 777 1143 816 aa
1164 761 1385 838 propagatam.

274 854 360 921 Sed
382 854 461 920 mibi
482 855 636 921 Froahdii
658 855 711 940 (Κ.
736 856 772 923 Z.
794 855 896 919 XXII
917 855 996 939 263)
1018 855 1213 941 etymologia
1235 855 1382 941 probabi-

294 957 354 1023 lior
375 957 503 1023 videtur
509 1005 518 1038 ,
548 959 666 1045 quippe
689 980 753 1045 qua
775 967 807 1021 et
827 978 869 1023 oo
890 959 925 1021 iu
947 959 1159 1043 ἑσσεισάμην,
1181 960 1330 1023 intonato
1354 968 1386 1023 et

293 1078 315 1127 σ
343 1062 376 1125 in
407 1065 575 1145 σέσεισμαι
604 1072 663 1127 cet.
693 1061 825 1147 planum
856 1060 923 1128 fiat.
968 1060 1066 1126 Putat
1093 1063 1177 1125 euim
1205 1064 1277 1126 ortu
1299 1062 1385 1126 idem

294 1187 364 1230 essa
386 1187 425 1230 ac
449 1186 523 1229 saer.
547 1165 682 1240 Mami,
704 1164 794 1228 ouius
818 1165 980 1229 notionem
1002 1164 1165 1252 propriam
1188 1164 1288 1229 fuisso
1309 1186 1383 1229 ceu·

294 1290 400 1332 semus
430 1266 586 1347 ‚,moveri,
609 1267 754 1351 agitaris
799 1267 884 1332 Nam
909 1266 1174 1351 significationem
1198 1267 1386 1355 splendendi

294 1393 351 1437 ssu
373 1370 507 1453 nitendi,
530 1392 629 1456 quam
648 1369 743 1435 radix
764 1371 823 1437 ror}
837 1370 1069 1457 posterioribus
1083 1372 1282 1458 temporibus
1297 1372 1384 1458 apud

291 1475 392 1540 Indos
421 1473 569 1553 exhibet,
598 1473 626 1536 si
655 1493 728 1537 oum
759 1473 821 1538 hae
851 1462 1077 1562 comparamus
1101 1472 1256 1539 Vedioum
1284 1483 1381 1541 mosa·

293 1577 491 1662 ,‚violentus,
514 1574 716 1657 vehemens&
747 1599 788 1641 ex
817 1577 873 1641 ilia
899 1577 1031 1643 notione
1053 1576 1251 1642 vehementis
1277 1587 1383 1644 motus

292 1681 474 1747 derivemus
504 1700 635 1744 neeesse
658 1688 722 1760 est,
745 1702 818 1744 oum
838 1682 926 1746 notio
949 1680 1082 1751 violanti
1103 1703 1168 1751 nou
1191 1703 1231 1745 ex
1254 1682 1384 1747 notione

293 1782 485 1872 splendendi
519 1782 601 1849 effici
623 1784 733 1870 possit.
779 1783 906 1848 Nullam
928 1783 1147 1851 difficultatem
1170 1783 1276 1865 habet,
1297 1784 1383 1870 quod

291 1888 414 1955 vocalis
438 1896 535 1952 aunta
557 1886 654 1952 etiam
677 1887 710 1950 in
733 1885 931 1973 temporibus
952 1897 1080 1973 praeter
1093 1910 1199 1976 praes.
1215 1897 1247 1953 et
1261 1887 1384 1973 imperf.

292 1993 468 2072 invenitur,
490 1991 583 2055 ouius
604 1990 807 2055 formationis
830 1989 949 2054 similia
970 1979 1128 2078 permulta
1150 2000 1277 2077 praesto
1300 2000 1384 2070 sunt,

290 2118 316 2161 e.
340 2118 370 2180 g.
399 2096 606 2178 πέπλευσμαι
629 2115 649 2157 a
670 2094 738 2159 rad.
762 2095 860 2174 πλυ,
881 2098 1015 2160 assarna
1031 2117 1051 2159 a
1065 2095 1134 2161 rad.
1149 2116 1213 2178 ro,
1228 2099 1384 2182 πέφευγα,

289 2191 499 2284 πεφείγαμεν
522 2196 626 2262 arad.
643 2220 727 2284 φυγ
742 2206 800 2264 set.
839 2196 935 2278 Quod
958 2197 1095 2283 denique
1109 2196 1258 2263 Froebde
1273 2205 1382 2262 o=of

288 2324 331 2368 ex
344 2301 423 2384 ·idg.
450 2315 480 2366 tv
511 2309 623 2366 natum
652 2301 831 2379 existimat,
859 2300 1027 2385 analogiae
1049 2302 1069 2368 l.
1091 2301 1111 2366 1.
1134 2298 1269 2365 collatas
1292 2306 1382 2362 sunt:

289 2409 334 2471 σέ
361 2427 420 2492 pro
448 2418 500 2469 toa
523 2404 603 2489 (dor.
632 2405 698 2490 st),
721 2396 823 2479 σάκος
855 2410 1016 2485 ‚,soutum“
1037 2403 1287 2490 comparandum
1309 2422 1381 2467 cum

290 2529 380 2572 ssero
408 2521 515 2571 tracas
536 2530 566 2573 n.
589 2508 748 2589 „oorium‚
771 2511 929 2594 tegmen“,
952 2499 1060 2592 σύρβη
1081 2507 1154 2591 (seu
1175 2502 1295 2592 τύρβη)
1316 2512 1382 2586 „tu-

290 2611 430 2675 multus“
453 2609 707 2697 componendum
730 2632 804 2675 aum
818 2609 872 2676 lat.
888 2612 979 2676 turba
993 2612 1028 2693 (a
1042 2608 1112 2677 rad.
1127 2609 1217 2695 coar).
1255 2608 1382 2691 Quibus

290 2716 359 2801 ipsa
375 2713 494 2779 addere
508 2735 650 2800 possum,
665 2715 751 2801 quod
768 2714 884 2781 suffixo
904 2736 991 2779 ssoro
1005 2726 1129 2779 mana·
1141 2713 1227 2798 aqud
1241 2710 1382 2776 Graecos

259 2898 261 2902 ,
290 2818 465 2905 respondet
487 2839 622 2883 osvo·
646 2819 699 2904 (of.
718 2817 809 2904 Bopp
826 2816 924 2902 vergl.
941 2838 1075 2901 gramm.
1090 2815 1140 2880 111
1156 2815 1232 2899 263)
1249 2824 1280 2878 et
1295 2813 1381 2901 quod

289 2924 323 2985 in
346 2925 565 3007 τέσσαρες,
588 2921 651 2987 iou.
676 2925 829 3006 τέσσερες,
850 2921 946 2988 Hom.
969 2920 1109 3007 πίσυρες,
1132 2918 1212 2984 aeol.
1227 2922 1382 3002 πέσσυρες

289 3046 336 3090 σσ
358 3026 404 3112 (o)
428 3047 469 3089 ex
490 3039 519 3089 tv
541 3022 662 3089 natum
675 3034 724 3089 est
745 3023 799 3108 (ef.
821 3024 931 3110 infra).
1010 3028 1013 3033 ⁴

375 3128 430 3213 35)
453 3122 572 3193 ἀκούω.
619 3128 704 3191 Huic
726 3126 826 3191 verbo
856 3147 916 3212 par
939 3149 1009 3191 essa
1029 3126 1189 3211 judicavit
1213 3121 1381 3188 Delhrtiok
1430 3154 1431 3157 ¹

289 3229 345 3314 (K.
374 3229 410 3296 Z.
440 3229 522 3294 XVI
545 3231 623 3316 27])
645 3242 710 3314 got.
732 3231 878 3314 haunjan.
924 3227 1002 3292 Allii
1024 3227 1156 3312 (Kuhn,
1178 3226 1275 3304 bihel,
1297 3226 1382 3305 Pott,

289 3332 433 3418 Curtius)
460 3333 594 3399 verbum
630 3355 701 3396 oum
732 3331 800 3395 rad.
830 3332 909 3395 alono
938 3332 1190 3415 conjunxerunt,
1220 3350 1304 3416 quae
1333 3336 1382 3392 est

288 3439 321 3502 in
344 3448 408 3522 got.
431 3437 631 3521 wahan-jao
653 3445 801 3518 „cautum
824 3440 913 3498 esse“
936 3443 966 3498 et
981 3436 1014 3497 in
1029 3455 1078 3518 gr.
1094 3426 1308 3506 ovo-rudos
1323 3452 1381 3520 pro

290 3545 447 3614 ouo-foc.
497 3539 541 3603 Hi
570 3539 633 3603 viri
660 3539 746 3603 docti
773 3537 815 3601 ad
846 3559 938 3602 suam
973 3537 1164 3600 sententiam
1188 3558 1225 3600 eo
1251 3533 1382 3599 adducti

289 3666 359 3709 asse
390 3643 557 3723 videntur,
589 3641 675 3728 quod
705 3638 769 3724 κοᾷ
800 3633 927 3726 (ἀκούει
958 3639 1170 3725 Hesychius),
1205 3631 1383 3717 θυοσκόος,

289 3752 420 3824 sonato),
443 3750 531 3827 κοέω,
554 3739 674 3826 ἀκούω,
695 3744 804 3809 omnia
826 3766 910 3830 quae
926 3743 1008 3808 Van.
1025 3767 1055 3832 p.
1080 3743 1163 3808 1110
1178 3763 1225 3827 sq.
1242 3741 1382 3818 contulit,

289 3851 331 3916 ad
347 3873 444 3916 unam
460 3850 596 3915 formam
611 3848 798 3935 primariam
814 3847 983 3912 referenda
1001 3868 1073 3911 esse
1087 3845 1271 3912 censebant.
1299 3843 1380 3909 Cum

373 4019 404 4086 *J
422 4018 493 4074 Parf.
512 4022 565 4076 aot.
584 4020 673 4074 forma
691 4023 808 4084 aaaron«,
826 4034 898 4088 quas
915 4018 1048 4074 obsistere
1064 4015 1182 4082 vidntur,
1202 4015 1270 4069 nihil
1285 4015 1381 4069 tamen

288 4107 324 4162 ad
341 4123 400 4160 ram
417 4106 511 4173 affert,
530 4123 594 4159 oum
611 4106 677 4175 parf.
696 4111 766 4172 sat,
784 4105 893 4162 etiamsi
910 4103 1049 4177 praesenti
1067 4125 1081 4157 o
1100 4102 1248 4158 inhaesisse
1266 4101 1381 4165 constet,

286 4178 395 4263 semper
412 4195 578 4263 asigmahum
595 4191 732 4248 formetur
743 4193 789 4262 (oi.
802 4191 940 4260 sardianos,
954 4195 1065 4245 ἕσπακα
1079 4192 1151 4261 osb).
1180 4190 1242 4255 Qua
1252 4189 1286 4243 de
1298 4202 1382 4242 causa

285 4283 315 4336 in
332 4281 374 4336 his
390 4265 599 4352 questionibus
617 4279 771 4350 perfeetum
788 4296 897 4352 semper
914 4277 1029 4335 missum
1048 4276 1190 4334 faciamus.
