3256 4822
686 292 904 391 ⁶1¹·-

255 472 363 527 tamen
392 462 515 528 formae
546 471 725 547 temporam
756 471 792 528 et
814 462 1050 543 derivatorum,
1075 483 1158 549 quae
1179 481 1200 525 σ
1221 459 1345 525 literam

256 565 374 631 babere
406 564 541 643 debent,
574 587 644 629 eam
679 587 790 631 omnes
813 566 955 631 habeant
978 602 1016 615 -
1042 566 1141 632 affero
1165 560 1346 641 ἀκουσθείς

255 669 372 754 (Tbue.
388 668 519 754 11138),
535 660 699 743 ἀκουστός
715 669 836 755 (Flet),
850 663 1004 754 ἄκουσμα
1020 668 1130 755 (Sopb.
1147 678 1179 732 et
1194 668 1290 752 Plat.)
1306 704 1345 716 -

259 773 433 838 verisimile
454 772 594 851 videtur,
615 771 747 856 formas,
770 795 853 858 quae
875 775 917 839 ab
939 798 962 838 α
982 774 1149 859 incipiunt,
1171 772 1213 837 ab
1237 771 1346 836 alteris

257 877 476 963 sejungendas
506 885 538 940 et
566 896 638 939 oum
668 885 733 958 got.
760 876 899 961 hausjam
919 876 1162 965 conjungendas
1185 898 1271 954 esse,
1293 877 1346 940 oui

255 981 360 1046 forma
380 977 592 1067 supponenda
615 983 734 1065 uovoy'ro
754 981 873 1066 optime
887 982 1070 1067 respondet.
1115 982 1208 1064 Quae
1224 989 1344 1066 etymo·

256 1085 344 1169 logia
366 1105 430 1148 non
445 1082 625 1147 infirmatur
640 1077 677 1145 ἀ·
693 1084 845 1169 praefixo,
860 1083 903 1149 ad
918 1085 1004 1169 quod
1019 1084 1246 1172 explicandum
1261 1105 1345 1148 oom-

254 1187 373 1274 plures‘
391 1195 521 1251 exstant
542 1185 702 1263 rationes,
723 1206 805 1270 quas
827 1188 1013 1272 singillatim
1035 1190 1171 1278 proponi
1192 1187 1254 1267 hoo
1276 1186 1345 1251 loeo

256 1319 321 1361 non
351 1303 400 1360 est
427 1295 645 1359 necessarium
669 1293 722 1380 (of.
747 1288 1040 1378 Grz.⁴'109‘sqq.).
1086 1293 1192 1379 Atque
1213 1301 1345 1377 propter

256 1396 292 1465 ἆ·
322 1398 403 1485 perf.
430 1405 492 1463 aot.
521 1418 649 1483 quoqne
678 1396 780 1460 radici
804 1416 885 1461 novo
908 1396 1100 1483 subjungam
1124 1395 1345 1483 (ἁκ-ηκουσ-α,

254 1501 448 1581 ἀκ-ηκου-α,
475 1494 627 1585 ἀκήκοα).
675 1500 797 1565 Contra
819 1501 924 1566 forma
946 1501 1100 1587 Hesyobii
1123 1497 1187 1583 κοᾷ
1209 1499 1345 1564 fortasse

160 1604 161 1609 ’
257 1606 349 1672 alteri
370 1604 472 1670 radici
493 1601 707 1668 adscribenda
729 1611 786 1667 est.

339 1708 552 1773 Krausbaarii
583 1708 680 1793 (stud.
713 1706 747 1770 Il
769 1707 848 1793 429)
870 1708 1042 1795 explicatio
1064 1708 1155 1773 verbi
1181 1703 1345 1773 trimetria

252 1812 327 1898 (lae.
350 1834 453 1899 syrae.
477 1805 579 1897 estote)
602 1832 644 1875 ex
665 1815 800 1896 lofaju,
823 1821 978 1897 quantum
993 1812 1097 1892 video,
1112 1811 1219 1878 adhue
1233 1810 1343 1876 lauda-

254 1928 354 1983 torem
378 1938 442 1981 non
465 1916 595 1979 invenit.

340 2021 395 2107 36)
418 2013 519 2083 dirior
549 2018 761 2104 „oomprimo“
781 2017 939 2103 (Leskien
968 2020 987 2086 l.
1018 2020 1036 2085 l.
1064 2042 1094 2106 p.
1116 2020 1182 2106 90).
1224 2020 1346 2084 Forma

254 2117 360 2213 (plaia,
389 2144 473 2208 quae
493 2142 598 2209 saepe
620 2120 706 2208 apud
730 2120 834 2186 Dores
865 2122 1011 2203 obvenit,
1041 2146 1104 2189 non
1127 2133 1234 2188 tamen
1257 2122 1347 2187 deest

254 2228 397 2310 Ionibus,
412 2226 601 2313 plerumque
616 2225 752 2289 eandem
768 2233 947 2311 temporum
963 2228 1185 2293 formationem
1202 2226 1345 2313 praebet.

254 2330 438 2397 Praesentis
460 2328 565 2394 forma
584 2319 725 2415 φλάσσω
747 2329 866 2413 legitur
889 2331 974 2418 apud
998 2331 1138 2398 medicos
1161 2331 1346 2419 posterioris

254 2435 378 2503 aetatis.
433 2432 516 2498 Com
549 2432 725 2498 Leelrienio
754 2434 852 2516 igitur
881 2435 1019 2501 formam
1041 2437 1137 2501 θλασ
1166 2435 1211 2519 (et
1240 2434 1344 2522 φλασ)

254 2539 473 2626 proponimus,
496 2559 573 2600 nam
589 2536 738 2613 θλαδίας
761 2537 961 2616 „eunuobus“
985 2539 1103 2604 nullius
1118 2540 1273 2603 momenti
1288 2548 1346 2605 est.

254 2642 307 2706 Ad
339 2641 458 2707 radiois
489 2641 625 2706 formam
656 2649 764 2704 autern
786 2640 1088 2727 Indogermanioam
1118 2643 1345 2708 inveniendam

252 2746 390 2811 fortasse
409 2743 483 2809 lieet
507 2767 583 2809 ssor.
606 2743 702 2829 ptari
723 2750 862 2823 „terere“
884 2746 1008 2829 (arad.
1029 2747 1105 2811 bord
1121 2747 1192 2832 jam
1214 2755 1345 2832 propter

195 2844 201 2857 '
254 2848 519 2932 significationem
547 2847 795 2934 sejungendum)
826 2870 1030 2935 comparare,
1059 2851 1248 2934 praesertim
1270 2872 1344 2914 oum

253 2951 326 3017 ved.
355 2952 451 3034 pluria
476 2952 637 3016 notionem
668 2950 708 3014 ad
736 2950 871 3016 verbum
902 2944 1002 3018 oleta
1031 2953 1231 3039 aptissimam
1258 2976 1345 3034 „zer-

253 3054 404 3117 malmer“
425 3051 559 3136 habeat3
582 3054 622 3118 de
642 3053 684 3139 pb
705 3074 856 3135 consona,
872 3054 996 3120 Graeco
1020 3057 1286 3141 &respondente
1301 3057 1342 3123 of.

254 3158 356 3245 θέρος
379 3179 452 3220 oum
475 3157 543 3222 rad.
566 3180 655 3223 ssera
675 3159 756 3243 plor
778 3158 883 3244 (Gra.⁴
905 3158 993 3245 485).

338 3259 393 3345 37)
415 3255 505 3327 atrior
527 3262 677 3343 „frango”
701 3261 911 3327 aLeskienio
934 3262 965 3345 (l.
989 3260 1009 3328 l.
1032 3284 1060 3347 p.
1084 3263 1141 3349 91)
1157 3265 1189 3328 in
1208 3263 1343 3328 formam

252 3364 440 3450 primariam
455 3366 579 3448 xloojm
594 3364 766 3431 reducitur.
797 3365 864 3431 Sed
876 3388 947 3431 oum
961 3360 1051 3433 κλάω
1063 3367 1210 3452 inprimis
1222 3366 1263 3429 de
1275 3389 1342 3431 sur·

252 3467 332 3532 oulis
363 3467 488 3532 dioatur
517 3477 550 3531 et
579 3468 699 3533 surculi
720 3470 822 3555 ipsius
846 3492 962 3534 nomen
985 3470 1026 3533 sit
1048 3466 1067 3535 ὁ
1089 3460 1220 3548 κλάδος,
1243 3491 1344 3535 noso

253 3580 432 3655 temporum
467 3592 509 3634 ex
545 3571 776 3636 assimilatione
809 3572 935 3637 mediae
963 3571 1101 3637 dentalis
1131 3581 1242 3637 natum
1272 3596 1343 3638 esse

252 3675 422 3752 oredimus,
444 3675 490 3739 ita
512 3683 548 3738 ut
568 3675 747 3761 praesentis
766 3666 870 3740 forma
884 3675 1047 3761 primitiva
1062 3676 1104 3740 sit
1118 3675 1229 3758 niujo,
1244 3675 1342 3741 futuri

250 3778 393 3863 alodojo
419 3785 479 3843 oet.
524 3778 600 3859 Qua
626 3797 698 3841 oum
728 3778 912 3863 conjectura
935 3777 1018 3842 alise
1040 3778 1249 3843 formationes
1271 3781 1343 3843 voci

253 3871 375 3956 κλάδος
398 3879 517 3946 similes
540 3889 730 3967 congruunt.
775 3880 824 3946 Of.
846 3881 929 3946 Van.
951 3902 982 3967 p.
1007 3880 1077 3948 128.

336 3984 393 4068 38)
415 3980 560 4047 Verbum
582 3984 641 4062 ξέω
664 3982 795 4063 „soabo,
817 3982 920 4072 polio“
942 4005 1006 4048 non
1030 3992 1213 4069 separatum
1237 4008 1257 4049 a
1279 3980 1343 4064 ξῢω

251 4083 373 4171 „polio“
409 4087 542 4152 tractari
574 4094 697 4173 potest,
733 4088 810 4172 quia
844 4085 1053 4151 similitudine
1079 4087 1281 4153 formationis
1310 4097 1343 4152 et

250 4187 390 4252 notionis
421 4188 645 4276 propinquitas
673 4189 851 4273 indioatur3
879 4189 1016 4275 ideoque
1036 4187 1180 4254 Leskien
1213 4192 1256 4277 (p.
1286 4193 1342 4271 91)

249 4291 357 4374 posuit
379 4289 461 4357 duas
482 4290 609 4357 radioes
631 4290 798 4359 literarum
819 4315 923 4382 parva
938 4292 1116 4359 variatione
1131 4295 1343 4361 variationem
