3256 4822
676 289 887 353 „37-

240 467 352 525 contre
381 458 469 544 leges
500 460 688 548 irrepsisse,
717 480 782 545 qua
810 461 844 523 in
873 478 909 523 re
938 459 1078 524 fortasse
1096 456 1206 533 verbis
1236 456 1335 545 ἀρκύ-

240 581 376 644 στατον,
398 558 622 648 ἀρκυ-στασία
644 563 765 649 aliquid
788 562 994 627 tribuendum
1017 571 1074 625 est.
1119 557 1140 639 ἡ
1163 550 1281 645 scipio,
1295 554 1334 626 τὸ

240 655 364 750 κάρυον
386 687 470 746 „nux
487 665 639 753 juglans“
663 667 801 731 fortasse
815 685 873 752 por
888 664 1038 729 suffixum
1056 688 1093 728 -α
1108 662 1333 729 secundarium

241 767 296 851 (cf.
321 768 505 834 Schleicher
534 773 652 855 comp.³
681 793 711 857 p.
742 769 818 853 369)
841 769 979 834 formata
1002 777 1093 848 sunt,
1115 769 1142 831 si
1163 767 1239 831 licet
1259 788 1332 830 cnm

240 871 281 935 iis
303 872 449 937 conferre
472 860 679 959 Kicqooaoc,
701 894 817 937 nomen
840 871 977 936 duarum
999 869 1137 950 urbium,
1159 868 1246 955 quod
1262 869 1331 956 jam

241 974 328 1059 apud
343 973 441 1042 Hom.
465 975 512 1060 (B
533 977 611 1056 539)
634 975 784 1052 obvenit3
808 995 848 1038 ac
869 974 997 1040 videtur
1018 975 1114 1038 etiam
1138 994 1253 1039 nomen
1268 973 1333 1038 vici

241 1076 397 1144 Laconici
420 1070 557 1161 Κᾶρῦαι
579 1078 641 1144 boc
659 1079 693 1143 in
716 1078 786 1143 loco
810 1076 994 1164 ponendum
1009 1099 1098 1157 esse3
1114 1077 1230 1142 deinde
1245 1076 1332 1161 apud

242 1178 386 1245 Graecos
409 1185 532 1266 species
556 1203 675 1245 nucum
697 1173 822 1267 κάρυον
835 1173 1005 1263 Εὐβοϊκόν
1025 1180 1142 1264 (altera
1163 1179 1240 1244 urbs
1257 1180 1331 1245 Κοί-

242 1302 365 1369 ρυστος
386 1285 419 1348 in
441 1285 547 1350 insula
571 1285 708 1351 Euboea
732 1283 794 1348 sita
817 1282 900 1367 erat)
916 1282 1148 1369 appellabatur,
1164 1292 1332 1370 praeterea

244 1384 372 1451 obviam
390 1399 465 1453 sunt
480 1384 588 1473 κάρυα
600 1383 788 1475 Καρύστια,
801 1387 848 1452 iia
862 1395 898 1450 ut
908 1407 1061 1470 magnam
1072 1384 1332 1472 probabilitatem

240 1488 373 1570 babeat,
407 1490 479 1555 illas
511 1492 608 1557 urbes
636 1517 657 1558 a
684 1510 802 1556 nucum
829 1488 1034 1576 juglandium
1065 1488 1191 1553 cultura
1213 1510 1331 1554 nomen

242 1595 415 1678 accepisse.
454 1594 552 1660 Vocis
575 1593 675 1679 ἰγνῦς,
697 1595 771 1670 nior
787 1593 942 1681 „poples“
956 1593 1159 1657 accusativus
1174 1591 1332 1656 formatur

241 1696 342 1779 ὶγνῦα
362 1696 519 1780 (Ariston,
549 1698 622 1765 hist.
653 1721 704 1763 an.
727 1697 778 1762 Ill
799 1701 848 1786 5),
870 1718 911 1762 ex
932 1716 997 1781 qua
1017 1697 1123 1760 forma
1144 1698 1276 1782 stirpem
1297 1697 1331 1763 in

242 1820 427 1863 consonam
456 1798 656 1866 excidentem
692 1801 793 1865 fuisse
822 1797 1012 1880 concludas,
1042 1797 1098 1861 sed
1128 1798 1265 1863 fortasse
1295 1822 1332 1863 -α

243 1902 349 1965 exitus
371 1903 550 1967 accusativi
570 1913 746 1990 usurpatus
769 1911 817 1966 est
839 1924 880 1966 ex
902 1900 1053 1985 analogia
1068 1909 1101 1964 ot
1115 1902 1261 1987 stirpium
1277 1924 1331 1966 vo·

242 2003 360 2067 calium
383 2014 415 2070 ot
436 2026 569 2070 casuum
591 2004 803 2092 obliquorum.
845 2004 1019 2070 Praeterea
1032 2004 1186 2068 nonnulla
1199 2006 1332 2070 nomina

241 2108 274 2170 in
305 2131 353 2182 -oc
382 2107 503 2172 habent
532 2129 627 2172 casus
650 2107 828 2194 bisyllabos
849 2130 923 2173 cum
945 2117 976 2187 ῑ,
997 2105 1183 2191 trisyllabos
1206 2128 1278 2171 cum
1301 2130 1331 2189 o,

243 2209 290 2272 sic
308 2210 414 2296 χέλυς,
433 2204 537 2297 lyncis,
559 2206 639 2292 ἰλύς,
662 2208 763 2298 topic,
787 2206 913 2303 ὀσφύς;
936 2210 994 2276 sed
1016 2209 1097 2274 baec
1118 2209 1269 2275 formatio
1285 2221 1333 2273 est

242 2313 339 2376 etiam
361 2312 453 2378 verbi
476 2308 687 2401 &epigonius
704 2315 799 2400 stirps
815 2314 992 2381 secundnm
1007 2333 1085 2379 sscr.
1101 2312 1212 2377 blial-s
1225 2313 1331 2398 (cuius

240 2436 305 2483 aco.
339 2416 515 2501 blanc-am)
552 2418 621 2482 sine
659 2417 759 2482 dnbio
788 2419 821 2482 in
850 2424 887 2482 al
916 2417 1044 2481 excidit.
1102 2415 1227 2481 Nomen
1254 2416 1332 2501 pagi

240 2518 407 2582 cuiusdam
418 2519 520 2585 Attici
531 2520 686 2587 Kisamos
698 2522 769 2607 (Ar.
786 2522 861 2589 nub.
875 2519 950 2606 134)
962 2520 1099 2586 fortasse
1111 2540 1152 2583 ex
1164 2518 1331 2583 Κικυσ-να

240 2630 345 2686 ortum
374 2631 438 2704 est,
467 2624 506 2687 cf.
538 2623 695 2709 φαεννός,
725 2620 862 2712 φαεινός
891 2645 932 2689 ex
959 2628 1126 2712 passuros
1155 2630 1187 2685 et
1215 2642 1331 2687 nomen

240 2726 326 2812 quod
363 2724 565 2792 concluditur
595 2728 732 2793 fortasse
762 2731 796 2792 in
825 2729 925 2794 subst.
956 2727 1028 2791 fem.
1058 2747 1130 2809 gen.
1161 2727 1331 2804 κῖκυςςυος

240 2826 350 2912 (Hom.
372 2830 393 2893 λ
414 2829 494 2908 392;
510 2830 627 2896 Aescb.
650 2831 766 2915 fragm.
787 2832 866 2916 216)
882 2813 1122 2915 agnoscendum
1137 2836 1196 2892 ost.
1232 2828 1331 2892 Deni-

240 2951 303 3014 que
333 2952 374 2995 ex
406 2933 505 3019 stirpe
532 2934 566 2997 in
589 2955 644 2999 ·vn
667 2933 803 2999 cadente
824 2934 1005 2999 derivatum
1026 2931 1154 2995 videtur
1176 2930 1330 3015 κρόμυον,

241 3032 327 3118 quod
351 3033 527 3099 secundum
542 3035 647 3101 Pictet
669 3037 761 3122 (orig.
777 3034 1026 3121 Indo-Europl
1048 3034 1126 3119 297)
1149 3035 1330 3098 accuratius

240 3156 314 3200 oum
336 3137 382 3203 lit.
405 3137 577 3203 massis
590 3141 796 3227 conjungitur
811 3139 867 3224 (cf.
882 3138 1007 3223 Bngge,
1028 3136 1069 3202 Κ.
1085 3136 1122 3204 Ζ.
1137 3134 1223 3200 XIX
1243 3136 1330 3223 419).

326 3239 479 3307 Ceterum
501 3262 553 3305 res
574 3242 718 3307 nondum
741 3242 783 3305 ad
806 3240 961 3327 liquidnm
983 3241 1116 3330 perduci
1136 3247 1252 3327 potest.

325 3343 504 3410 Sedunum
519 3366 622 3429 genus
638 3345 785 3431 stirpium
800 3346 834 3410 in
849 3366 904 3412 -vo
917 3346 1024 3411 forma
1034 3344 1174 3431 quadam
1185 3343 1331 3408 derivata

239 3454 360 3512 certum
383 3456 450 3531 sst3
474 3456 550 3512 sunt
570 3448 725 3513 feminina
747 3457 827 3536 part.
849 3449 929 3538 perf.
952 3457 1014 3519 act.
1036 3451 1069 3513 in
1092 3457 1170 3526 -υῖα,
1192 3446 1231 3511 cf.
1252 3468 1329 3513 sscr.

238 3551 372 3614 mil-sida
401 3572 474 3616 cum
497 3549 625 3616 Graem
655 3551 772 3616 ὶδ-υ-ῖα
803 3572 844 3615 ex
867 3545 1027 3634 ὶὸ-υσ-ιᾶ,
1048 3559 1218 3639 praeterea
1239 3548 1330 3613 zend.

238 3652 370 3717 vsa-ea·
389 3664 421 3718 et
443 3663 509 3738 got
532 3655 680 3740 beaajos.

327 3756 387 3821 His
400 3758 579 3844 participiis
595 3766 702 3823 autem
717 3778 791 3822 cum
805 3756 985 3823 Woernero
1000 3755 1171 3842 ‚sprachsa
1186 3751 1330 3819 abhand-

237 3858 312 3943 lgn.‘
327 3882 357 3945 p.
376 3861 436 3926 113
452 3881 520 3946 sqq.
535 3856 689 3926 nonnulla
704 3861 910 3925 substantiva
921 3859 1080 3940 adseram,
1092 3879 1176 3944 qnae
1186 3857 1330 3922 eiusdem

239 3962 441 4029 formationis
455 3961 607 4028 videntur
628 3964 749 4050 esse*);
765 3984 849 4049 quae
864 3970 940 4029 sunt
954 3961 1065 4045 cipum,
1079 3959 1204 4026 α’ίθυια
1219 3954 1328 4046 (Κάλ-

322 4204 353 4268 *l
369 4203 432 4258 Non
457 4202 618 4258 incredibile
644 4202 755 4272 quidem
773 4202 895 4271 videtur,
921 4203 1055 4257 nonnulla
1071 4219 1167 4258 eorum
1186 4175 1330 4256 nilminum

238 4287 372 4343 feminina
388 4304 446 4343 osse
464 4289 592 4358 stirpium
610 4290 639 4342 in
657 4313 694 4358 -υ,
712 4291 744 4343 nt
761 4307 826 4345 sscr.
840 4290 938 4359 prtltnt
955 4291 997 4343 ost
1016 4290 1078 4343 inm.
1091 4288 1222 4359 atiieciivi
1229 4290 1329 4358 prtlm
