3256 4822
687 233 900 300 ,33-

250 406 397 492 inprimis
431 405 503 488 lege
539 405 593 471 illa
624 403 796 490 phanatica
823 404 954 470 lonicae
984 413 1018 471 et
1044 406 1186 470 maxime
1214 406 1343 471 Atticae
1402 388 1405 395 ¹

250 507 378 572 dialecti
410 518 512 572 ortam
535 530 623 590 esse,
645 528 729 593 quae
750 507 930 572 immutatio
953 508 1142 593 quantitatis
1165 529 1223 573 seu
1243 518 1341 575 meta·

249 609 351 675 thesis
379 612 596 698 quantitative
625 609 814 696 appellatur.
856 607 929 674 Lex
957 616 1066 675 autem
1094 610 1171 675 huic
1198 611 1261 697 ipsi
1287 611 1340 677 de·

249 713 415 779 clinationi
437 713 594 800 adaptata
615 723 665 778 est
686 735 725 778 ea
747 712 823 791 fere,
845 720 883 777 ut
905 735 924 789 η
945 719 1020 777 ante
1042 735 1071 787 ο,
1086 736 1129 794 οι,
1139 737 1179 794 ω,
1194 738 1231 796 ῳ,
1246 736 1295 794 ου,
1309 737 1340 779 οι

249 819 282 882 in
310 825 494 897 mutetur,
526 841 561 896 o,
591 839 648 896 ou,
679 839 711 882 οι
733 815 767 878 in
790 838 831 893 ω,
854 838 880 898 ῳ
902 814 1131 901 producantur.
1174 817 1249 898 Qua
1271 815 1341 900 lege

250 929 324 985 nala
347 932 437 987 sunt:
460 921 554 1000 νεός,
576 921 671 1000 λοως,
693 917 825 983 nomina
846 918 978 1005 propria
998 917 1033 981 in
1054 939 1154 998 -νοως,
1177 921 1268 994 -λεως
1290 941 1342 985 ca·

250 1023 372 1104 dentes,
395 1023 459 1109 adj.
483 1023 632 1097 utilitas,
649 1018 825 1107 ἀξιόχρεως
840 1032 899 1087 cet
929 1019 1001 1085 Non
1016 1027 1124 1087 autem
1139 1021 1342 1109 explicantur

250 1125 312 1191 hoc
334 1126 430 1191 modo
453 1123 613 1192 vocabula
635 1133 671 1189 ut
692 1122 811 1209 λαγός,
826 1118 922 1203 ἅλως,
936 1116 1044 1198 κάλως
1059 1131 1128 1200 cet„-
1144 1125 1226 1190 aliae
1240 1125 1341 1209 igitur

248 1250 368 1294 causae
396 1227 726 1314 indagandaesunt,
755 1225 873 1312 quibus
902 1248 943 1291 ea
975 1234 1053 1291 nata
1082 1246 1153 1292 esse
1182 1236 1339 1313 putemus.

249 1334 358 1418 Atque
373 1330 593 1397 contractione
608 1328 737 1415 quidem
753 1328 927 1395 nonnullae
941 1329 1098 1396 eiusmodi
1113 1331 1235 1418 formae
1251 1339 1341 1397 ortae

249 1445 340 1514 sunt,
367 1443 404 1499 ut
424 1427 555 1519 ἀγήρως
576 1455 618 1498 ex
639 1426 805 1516 ἁγήροοςς
827 1433 944 1518 quibus
965 1430 1148 1518 adjungunt
1168 1435 1232 1501 viri
1254 1433 1340 1501 docti

248 1539 345 1603 etiam
359 1539 468 1623 λαγός
484 1535 710 1600 ex'Homerica
725 1535 829 1600 forma
840 1529 977 1620 λαγωός,
988 1528 1097 1620 γόλως
1111 1558 1153 1602 ex
1165 1536 1338 1603 Homerico

248 1634 383 1723 γαλόως.
427 1638 523 1722 Quod
545 1638 624 1702 mihi
644 1659 710 1703 non
730 1637 777 1703 ita
790 1638 1013 1705 confirmatum
1026 1638 1163 1719 videtur,
1177 1647 1214 1703 ut
1228 1640 1262 1704 in
1276 1638 1339 1703 hac

194 1729 199 1735 ’
248 1742 461 1829 explicatione
484 1740 830 1828 acquiescendumsit3
852 1744 879 1806 si
902 1743 986 1807 enim
1006 1742 1132 1827 cclcc-e
1153 1743 1257 1808 forma
1271 1743 1336 1831 pri-

250 1846 362 1910 mitiva
391 1845 451 1910 fuit
472 1845 581 1929 ((λοο.4
614 1844 699 1929 173),
729 1866 794 1909 non
817 1844 930 1929 video,
959 1867 1018 1909 cur
1039 1846 1071 1909 in
1094 1845 1206 1929 lingua
1228 1846 1338 1910 Attica

249 1970 315 2012 non
343 1948 442 2032 γολος
464 1947 638 2028 exstiterit,
669 1956 705 2012 ut
731 1948 809 2023 όλος
838 1969 879 2012 ex
901 1944 1017 2023 disc-c
1038 1947 1092 2032 (cf.
1117 1948 1157 2012 de
1180 1948 1336 2013 similibus

249 2049 505 2132 formationibus,
526 2051 581 2115 ubi
596 2057 619 2113 f
634 2050 778 2116 vocalem
793 2073 857 2116 non
873 2049 1030 2136 producit,
1045 2050 1084 2119 L.
1100 2051 1223 2137 Meyeri
1237 2052 1336 2136 vergl.

247 2175 383 2237 gramm.
414 2153 448 2217 ll
475 2154 539 2220 244
568 2158 664 2240 sqq.);
694 2176 754 2219 nec
780 2163 869 2243 puto,
891 2153 977 2241 apud
1000 2153 1176 2219 Homerum
1198 2153 1334 2219 formam

243 2256 342 2322 aliam
365 2260 616 2344 exspectandam
631 2278 710 2338 esse,
725 2279 823 2343 quam
837 2257 954 2340 γαλος;
970 2279 1081 2323 vocem
1096 2256 1205 2340 λαγώς
1220 2257 1336 2323 deduci

245 2381 340 2446 posse
361 2384 379 2425 e
401 2362 558 2446 λαγ-όος
580 2360 784 2426 verisimilius
807 2370 870 2443 est,
892 2359 969 2445 quia
990 2360 1095 2426 forma
1116 2361 1337 2446 exspectanda

244 2459 347 2547 λαγός
369 2487 484 2530 revera
505 2465 621 2550 legitur
644 2462 731 2550 apud
753 2461 969 2544 Herodotum3
991 2463 1048 2529 sed
1069 2463 1174 2548 legem
1195 2463 1336 2551 reperire

247 2586 312 2630 non
332 2590 473 2654 possum,
495 2590 561 2654 qua
583 2567 730 2651 singulae
752 2566 881 2632 dialecti
893 2564 1023 2632 Ionicae
1038 2566 1091 2632 hic
1105 2573 1231 2631 tantum
1247 2566 1336 2633 diffe-

244 2677 326 2736 rant
371 2670 407 2735 si
429 2678 536 2735 autem
559 2679 718 2757 putemus,
741 2669 893 2735 suffixum
915 2668 1016 2736 fuisse
1040 2677 1140 2751 -ofo-‚
1165 2670 1251 2755 apud
1268 2670 1334 2735 Ho-

245 2792 369 2836 merum
405 2768 533 2858 λαγωός
563 2772 816 2858 exspectandum
846 2782 909 2848 est3
941 2770 998 2835 sed
1027 2793 1085 2836 our
1111 2794 1179 2838 non
1207 2773 1335 2857 γολωος

246 2895 373 2962 quoque
410 2874 550 2940 dicitur?
584 2898 642 2940 cur
672 2873 759 2960 apud
788 2874 915 2939 Atticos
944 2897 1008 2939 non
1036 2877 1176 2960 γαλοος,
1203 2877 1336 2959 λόγους,

245 2977 344 3043 veluti
366 2977 469 3054 πλοῦς
492 3000 510 3043 e
530 2977 697 3054 alufo-c?
720 2976 827 3043 Credo
848 2977 966 3063 potius,
987 2977 1030 3041 ad
1051 2979 1181 3043 tertium
1203 2978 1334 3043 modum

246 3080 475 3145 recurrendum
504 3101 588 3161 esse,
611 3103 673 3168 quo
697 3080 943 3145 declinationem
966 3080 1109 3146 Atticam
1131 3090 1241 3147 natam
1264 3103 1335 3147 esse

245 3205 423 3265 censemus,
445 3205 539 3270 quem
562 3184 787 3268 cognoscimus
809 3205 827 3248 e
850 3183 961 3249 formis
976 3183 1079 3249 Attici
1093 3184 1242 3251 vocabuli
1267 3190 1333 3262 luc,

244 3291 292 3366 to,
315 3292 367 3371 llos,
389 3309 470 3352 acc
492 3293 557 3352 ta:
579 3286 739 3374 particula
759 3286 846 3351 enim
868 3284 983 3351 harum
1004 3310 1120 3369 vocum
1142 3290 1175 3353 in
1192 3287 1333 3353 Atticam

244 3389 491 3456 declinationem
521 3413 542 3454 a
571 3391 764 3456 formatione
789 3391 824 3453 in
846 3410 901 3454 -οσ
922 3389 1081 3457 translata
1101 3390 1236 3456 videtur.
1282 3391 1332 3455 ln·

244 3493 391 3557 venimus
420 3493 538 3558 deinde
570 3492 656 3579 apud
685 3493 780 3558 Hom.
808 3492 935 3559 dativos
964 3494 1064 3578 γέλῳ,
1094 3493 1175 3578 ἱδρῷ
1204 3501 1333 3579 praeter

244 3598 446 3662 accusativos
468 3591 549 3682 γέλω
570 3596 659 3682 ἱδρῶ,
673 3594 761 3681 apud
775 3596 903 3660 Atticos
914 3595 995 3682 χρῷ,
1009 3617 1075 3665 acc.
1089 3597 1191 3680 ysam
1206 3604 1334 3683 praeter

240 3701 353 3788 χρωτί,
374 3695 513 3783 γέλωτα.
557 3698 644 3781 Quid
665 3698 764 3783 igitur
785 3698 999 3782 verisimilius,
1020 3720 1118 3785 quam
1140 3706 1255 3784 putare
1276 3697 1333 3763 hos

244 3803 447 3868 accusativos
476 3802 545 3866 sine
572 3825 593 3867 o
619 3802 775 3867 formatos
796 3800 942 3866 residuos
965 3821 1035 3865 esse
1056 3823 1098 3865 ex
1120 3799 1334 3867 declinatione

244 3904 356 3970 nativa
378 3904 430 3991 (cf.
461 3903 540 3990 λω)λ
563 3903 761 3969 confitemur
783 3902 912 3990 quidem
934 3901 1019 3967 hunc
1042 3904 1262 3969 accusativum
1284 3904 1331 3968 in·

244 4009 346 4072 veniri
361 4009 459 4073 etiam
474 4008 507 4072 in
520 4007 664 4090 vocibus,
680 4027 763 4093 quae
779 4005 821 4072 ab
832 4004 924 4070 initio
935 4007 1077 4073 Atticam
1090 4007 1333 4073 declinationem

243 4109 460 4197 sequebantur
491 4111 546 4197 (cf.
570 4107 700 4195 ἀγήρω,
730 4108 903 4194 ὲωίωλεω);
931 4110 988 4176 sed
1016 4108 1131 4185 harum
1155 4110 1333 4176 accusativi

245 4215 314 4282 sine
335 4237 356 4282 ν
377 4215 507 4282 formati
539 4211 713 4280 caecissimi
743 4219 819 4278 sunt
840 4211 880 4298 (c.
910 4236 958 4298 gr.
987 4206 1100 4299 λοιγόν
1128 4234 1195 4281 non
1215 4211 1334 4298 legitur

1107 4314 1124 4372 3
