3256 4822
693 222 901 292 ..85-

253 395 320 458 tius
344 391 427 459 dixit
449 412 530 477 ossa,
551 396 639 483 quod
660 397 871 483 compositum
894 405 959 467 tam
981 401 1145 461 rotumum
1158 395 1210 476 sit,
1230 402 1267 459 ut
1280 416 1345 459 non

254 496 367 577 liccat,
396 499 430 563 in
461 501 651 586 aiuspartc
679 499 780 564 altera
809 518 920 564 casum
941 498 1079 563 nominis
1102 500 1236 587 opinari.
1280 497 1345 564 Sed

256 619 364 684 paena
384 603 491 666 minus
513 623 610 689 quam
631 603 711 666 iliud
731 601 860 666 vidntur
874 600 1008 666 Homeri
1021 600 1220 689 temporibus
1235 610 1345 689 aptum

254 724 326 767 essa
348 706 558 790 compositum
580 726 598 768 a
621 705 720 792 stirpe
742 705 825 770 falsa
846 704 1029 785 formatam,
1051 724 1127 769 nam
1142 701 1346 782 *Ἆλι-σύὸνη

254 813 305 868 cst
325 805 429 871 forma
451 807 679 895 exspectantia.
717 808 760 872 Et
778 828 893 873 revera
916 805 1004 892 apud
1017 804 1195 872 Homerum
1216 807 1345 893 quidem
1380 787 1396 816 “

255 907 377 972 nullum
405 910 615 996 compositum
636 930 685 974 *ex
707 907 782 975 cilo
806 910 963 996 incipiens
977 891 1117 994 ‘legitam
1148 910 1188 977 cl.
1211 904 1346 987 ’ἄλι-αής

255 1007 409 1097 (ἁλιεύς),
427 1008 653 1096 Ἁλιθέρσης,
686 1005 905 1101 olii-poprium,
937 1021 1105 1098 practerea
1126 1003 1348 1099 ἁλιο-τρεφῆς.

255 1114 406 1200 Denique
436 1111 571 1179 alicuius
604 1117 756 1180 momenti
790 1124 855 1197 est,
887 1115 972 1202 quod
1004 1115 1067 1180 alia
1097 1115 1275 1202 composita
1306 1136 1347 1177 cx

255 1218 385 1282 casibus
407 1217 574 1285 nominum
594 1218 733 1283 formata
747 1217 888 1283 Homero
911 1240 975 1283 non
991 1216 1108 1282 dosunt
1122 1226 1157 1281 at
1172 1215 1346 1300 ὁδοίπορος

256 1319 308 1404 (Θ.
332 1320 444 1406 Mcyor
472 1318 557 1388 stud.
580 1321 627 1387 VI
650 1320 734 1406 384).
778 1319 922 1406 Utraque
951 1321 1048 1403 igitur
1071 1319 1243 1384 difficultas
1264 1316 1345 1384 toili-

256 1432 325 1506 tur,
358 1423 387 1487 si
407 1424 567 1488 credimus
588 1420 755 1502 ἁλοσύδνη
777 1423 819 1508 (Y
835 1424 913 1509 207)
934 1424 1074 1510 primum
1095 1426 1159 1487 lion
1183 1421 1346 1509 propriam

256 1527 418 1592 notionem
452 1527 621 1614 compositi
649 1525 817 1605 habuisse,
851 1536 888 1590 ut
914 1528 1009 1591 etiam
1039 1525 1143 1604 *ὕδνη
1173 1521 1253 1600 ἁλός
1284 1523 1347 1588 dici

256 1630 423 1716 potuissot
446 1628 563 1694 deinde
583 1628 818 1716 copulationem
834 1627 1014 1708 ἁλοσ-ύδνη
1028 1631 1062 1694 in
1076 1646 1175 1694 unam
1191 1622 1347 1692 coaluisse

257 1744 289 1795 ct
310 1734 448 1797 nominis
471 1733 592 1819 proprii
614 1732 683 1798 loco
706 1732 740 1817 (δ
753 1733 830 1817 404)
852 1742 1040 1819 usurpatam
1063 1752 1142 1798 csse.
1187 1729 1252 1816 (aa
1273 1748 1345 1815 par-

257 1845 322 1903 tam
343 1837 553 1923 postcrioram
574 1835 612 1898 cf.
636 1834 855 1900 E¹iclsi11111118
877 1836 964 1921 259.)
1003 1826 1238 1911 Ὑδατος-ύὸνη
1260 1832 1347 1919 apud

259 1936 490 2003 Callimachum
523 1960 564 2001 cx
596 1938 690 2002 huius
721 1939 859 2003 nominis
889 1938 1039 2023 analogia
1067 1937 1177 2002 fictum
1208 1936 1346 2001 videtur.

258 2039 432 2105 Praeterea
451 2038 637 2127 λλοσ-άχνη
651 2041 738 2106 nullo
754 2042 818 2106 alio
831 2042 927 2107 modo
943 2041 1098 2127 explicari
1112 2048 1226 2125 potest,
1250 2060 1347 2123 quarn

259 2143 416 2208 divisione
446 2146 643 2222 notavimus3
676 2165 760 2232 quac
790 2166 873 2224 vox,
900 2162 1095 2231 quamquam
1117 2164 1182 2207 non
1204 2150 1272 2205 tam
1293 2160 1347 2205 va

259 2255 347 2313 tosta
368 2255 416 2310 cst
438 2267 535 2333 quam
552 2243 742 2328 ‘Alaunium
763 2255 871 2313 tamen
891 2246 982 2334 apud'
996 2245 1201 2311 Aristotelem
1222 2244 1345 2309 inveni·
1446 2298 1448 2311 .

256 2359 316 2415 tun
360 2348 566 2435 adjectivum
590 2348 834 2426 ἁλοσ-άνθινος
855 2372 919 2415 non
942 2349 1073 2415 obvenit
1085 2349 1149 2412 nisi
1165 2347 1254 2433 apucl
1268 2346 1347 2411 Dio·

257 2453 414 2517 scoridom
436 2462 468 2517 ct
488 2453 655 2518 Galacum.
693 2454 841 2541 Denique
863 2452 1046 2518 huiusmodi
1067 2451 1180 2516 affero:
1204 2442 1344 2538 ἀνδρόσ-

258 2578 359 2639 atuor
380 2554 527 2641 (Diona),
550 2557 750 2644 κυνόσ-ουρα
771 2557 874 2644 (apud
893 2556 970 2622 Hdt.
993 2576 1068 2620 nom
1088 2574 1194 2642 propr.
1218 2546 1351 2617 Kourio-

258 2660 372 2745 ουρα),
399 2660 628 2743 amco-copis,
656 2663 843 2742 μυοσ-ωτλς
871 2659 1007 2745 (Diosa.)
1036 2659 1217 2725 nscio-omos
1246 2653 1348 2740 (Hm,

258 2756 385 2845 Thuc.).
428 2760 504 2825 Alia
527 2761 656 2844 collegit
678 2760 716 2827 G.
738 2761 852 2848 Maycr
874 2763 970 2848 (stud.
994 2761 1041 2826 VI
1063 2761 1126 2826 383
1149 2760 1207 2846 sq.)

343 2859 603 2945 Σκαπτη-σύλη,
632 2863 717 2949 quod
741 2862 871 2952 Curtius
893 2864 1001 2950 (Grz.⁴
1022 2864 1100 2950 376)
1128 2869 1263 2942 tractat,
1292 2861 1348 2926 vix

260 2963 381 3048 habeo,
413 2965 571 3051 quomodo
603 2967 723 3054 possim
756 2965 926 3052 explicare.
977 2969 1027 3033 Ac
1056 2965 1188 3031 Curtius
1218 2964 1346 3051 quidem

258 3061 466 3146 censet-asilo
494 3068 747 3154 comparandum
769 3089 840 3133 assa
862 3090 934 3133 oum
955 3068 1009 3134 lat.
1030 3070 1121 3137 mico.
1167 3067 1232 3134 Sed
1254 3066 1347 3132 Σκα-
1399 3074 1404 3087 ‘

257 3166 409 3250 πτησύλη
430 3171 646 3236 nominativus
668 3174 737 3257 ipsc
757 3171 945 3258 piarumque
962 3164 1091 3258 positus
1114 3171 1226 3237 aviris
1243 3170 1346 3235 doctis

257 3274 618 3357 in1dubiamvocatur3
648 3294 724 3338 nam
746 3274 782 3340 Ο.
803 3274 834 3339 J.
857 3274 874 3339 1
894 3298 925 3363 p.
947 3276 1013 3341 tls
1035 3275 1217 3341 Bosckhius
1239 3274 1346 3359 legen·

257 3378 333 3442 dum
356 3399 427 3442 ease
448 3385 558 3442 censat
579 3381 614 3441 iu
636 3375 802 3457 Σκάπτης
823 3374 909 3459 siloc,
932 3379 1022 3466 apud*
1035 3379 1195 3465 Theophr.
1218 3377 1345 3465 (fragm.

257 3482 278 3545 2
307 3482 347 3545 dc
376 3482 438 3567 lap.
463 3481 515 3566 17)
546 3484 581 3545 lv
607 3488 676 3554 τοῖς
697 3479 864 3560 Σκαπτης
888 3483 969 3562 ύλης
989 3475 1166 3568 μετάλλοις
1189 3480 1348 3562 scribitur,

259 3591 372 3647 contra
399 3584 482 3650 Plus.
514 3582 594 3649 Cim.
625 3584 647 3645 4
674 3583 810 3669 praebet
838 3586 1071 3651 nominativum
1099 3578 1249 3661 Σκαπτὴ
1276 3583 1347 3661 ὕλη.

259 3686 312 3749 Ex
334 3686 450 3772 quibus
471 3686 619 3751 concludi
640 3706 735 3771 posse
757 3706 885 3767 censeo,
908 3688 970 3754 hoo
991 3708 1108 3753 nomen
1129 3689 1195 3752 vim
1218 3707 1346 3773 compo·

167 3860 170 3867 Δ
259 3791 313 3855 siti·
337 3791 500 3877 propriam
523 3812 587 3854 non
611 3789 774 3872 habuisse,
794 3797 827 3853 ct
847 3791 983 3855 formam
1006 3786 1155 3868 Σκαπτὴ
1177 3783 1242 3868 ὕλη
1262 3791 1348 3876 prio·

258 3914 328 3957 ram
347 3890 462 3971 illisam
493 3891 548 3956 ubi
570 3894 669 3977 igitur
690 3901 805 3977 postea
817 3888 1050 3982 Σκαπτησύλη
1071 3894 1239 3980 reperitur,
1260 3893 1348 3979 quod
1379 3960 1381 3964 Α

259 4016 326 4062 non
346 3996 476 4062 omnino
499 3993 606 4077 deest,
627 3994 721 4059 nobis
743 3993 877 4060 dubium
898 3996 1034 4078 videtur,
1055 4018 1131 4061 num
1154 4004 1241 4059 rasta
1264 3995 1304 4059 dc
1326 4014 1347 4060 σ

258 4102 347 4166 vocis
375 4100 439 4178 ὕλη
469 4106 598 4162 servato
626 4100 762 4182 cogitari
788 4100 898 4184 possit.

344 4203 432 4270 Satis
453 4202 568 4267 mirum
591 4211 640 4267 ast
660 4203 871 4287 compositum
893 4195 1103 4287 Λυκέσουρα.
