3256 4822
701 263 912 328 “55..

260 439 429 522 γερουσία,
452 432 615 514 ἑκούσιος,
638 427 847 512 ὲθελούσιος,
867 434 1041 515 ὲσιούσιος,
1071 428 1238 517 Φλιάσιοι,
1260 435 1351 517 Προ-

260 540 409 623 βαλισιοι
438 548 497 604 cet.
541 537 605 622 Sed
635 536 763 601 dialecti
791 557 887 622 saepo
908 536 955 602 ita
975 535 1175 624 discrepant,
1205 537 1351 603 utnulla

261 642 389 707 omnino
420 642 607 709 assimilatio
636 641 724 705 facta
752 639 809 723 sitq
843 639 996 726 Spartani
1019 640 1104 705 enim
1126 638 1278 705 dicebant
1299 663 1346 725 γε·
1463 718 1465 721 ,

260 747 392 830 pontia,
423 745 510 834 apud
533 744 608 809 Hdt.
630 744 748 828 legitur
769 740 998 825 Σελινούσιοι,
1020 744 1106 829 apud
1129 742 1232 810 Thuc.
1255 743 1350 809 Σελι-

259 839 424 925 νούντιοι,
454 849 541 937 apud
568 848 708 933 tragicos
734 857 847 936 poetas
870 846 1001 913 obvenit
1018 841 1235 933 Ἀχερούσιος,
1264 847 1350 934 apud

261 952 425 1039 Aristoph.
439 952 639 1039 Ἀχερόντιός
661 960 719 1017 cet.
757 953 807 1016 Ao
829 970 981 1014 numerus
1004 950 1131 1036 quidem
1154 950 1265 1014 talium
1286 951 1349 1016 for·

260 1056 436 1120 mationum
467 1055 697 1144 posterioribus
727 1052 925 1142 temporibus
954 1060 1050 1117 natus
1078 1054 1262 1139 analogiam
1284 1055 1348 1119 for·

260 1179 385 1222 marum
414 1168 625 1244 cognatarum
654 1166 704 1222 est
734 1166 879 1239 secutus3
914 1156 960 1221 sic
989 1156 1127 1221 fortasse
1144 1151 1350 1245 Ἀχερόντιος

261 1261 303 1326 ad
332 1282 397 1327 cas.
428 1262 574 1348 obliquos
602 1260 692 1326 vocis
710 1257 852 1348 Ἀχέρων
882 1259 1077 1348 applicatum
1105 1268 1161 1327 est.
1206 1258 1270 1326 Sed
1292 1280 1349 1324 our

259 1386 323 1430 non
346 1386 386 1429 ex
398 1357 588 1450 Ἀγιρόντιᾶ
612 1363 654 1448 (n.
677 1358 921 1449 ρΙ.)Ἀχερουσα
944 1364 1075 1447 exstitit,
1097 1371 1134 1428 ut
1156 1385 1196 1427 ex
1211 1357 1349 1429 λυοντιᾶ

258 1468 292 1555 (f.
316 1466 377 1554 eg.)
398 1467 523 1533 λύουσα
545 1491 558 1532 ι
580 1467 707 1548 amisso,
728 1490 801 1533 oum
826 1468 867 1532 ab
884 1468 1001 1532 Atticis
1022 1466 1209 1553 plerumque
1229 1466 1347 1532 scriba·
1460 1482 1473 1503 ‘

257 1580 310 1635 tur
322 1565 536 1657 Ἀχερούσιαῗ
567 1570 841 1637 Assimilationem
863 1569 991 1657 plenam
1013 1572 1064 1657 (ut
1084 1570 1146 1636 hoc
1165 1569 1260 1635 modo
1276 1593 1347 1635 eam

258 1674 484 1759 significemus,
506 1697 569 1761 qua
591 1697 603 1736 ι
625 1673 801 1760 evanescit)
824 1674 1011 1759 reperimus,
1035 1673 1092 1739 ubi
1105 1696 1150 1739 ea
1164 1675 1347 1740 terminatio

257 1778 402 1843 feminini
424 1780 475 1841 -soi
495 1778 585 1863 (sacr.
607 1784 636 1854 tq
661 1778 798 1859 Sionem,
820 1776 902 1841 Paul
918 1798 948 1843 u.
963 1776 1017 1843 Br.
1034 1776 1125 1845 beitr.
1141 1778 1171 1842 V
1188 1780 1248 1846 137
1266 1783 1347 1867 sqq.)

258 1880 415 1965 affigitur,
444 1881 495 1945 cui
518 1880 640 1946 formae
661 1880 831 1945 masculini
853 1889 885 1945 et
906 1880 1051 1945 neutrius
1073 1902 1131 1965 per
1153 1906 1166 1946 ι
1189 1883 1347 1949 formatae

257 2005 322 2048 non
352 1983 582 2069 respondeant3
615 1993 728 2050 contra
750 1983 902 2049 suffixum
924 1981 1157 2070 adjectivorum
1180 2008 1257 2067 -ιος,
1290 1994 1348 2069 -ιᾶ,

257 2104 323 2151 -ιον
345 2107 508 2172 nunquam
531 2088 612 2173 (neo.
635 2097 737 2154 neutr.
758 2087 839 2177 plur.
861 2079 927 2172 -ιᾶ)
946 2088 993 2153 ita
1011 2108 1084 2151 cum
1099 2111 1241 2154 consona
1256 2099 1345 2156 ante-

256 2188 384 2254 cedenti
412 2192 626 2278 conjungitur‚
648 2201 684 2257 ut
705 2216 718 2258 ι
740 2200 930 2272 evanescam
958 2211 1062 2278 neque
1084 2194 1265 2275 evanescit,
1291 2194 1348 2260 ubi

139 2316 142 2323 ·
256 2292 493 2359 substantivum
522 2295 664 2360 feminini
694 2294 820 2381 generis
846 2317 904 2382 per
931 2294 1083 2360 suffixum
1110 2307 1160 2361 -ιᾱ
1179 2297 1344 2368 formatur.

255 2397 362 2480 Quam
392 2399 610 2485 imperfectam
634 2399 895 2464 assimilationem
917 2400 1036 2463 rectius
1059 2398 1119 2464 sub
1141 2421 1227 2466 num.
1250 2401 1344 2467 huius

254 2504 356 2587 partis
378 2504 420 2567 10
441 2502 486 2589 (p.
505 2502 547 2567 69
568 2503 651 2589 sqq.)
672 2496 890 2569 tractabimus.

341 2605 376 2692 b)
407 2605 541 2671 alterum
572 2606 622 2690 id,
651 2607 741 2671 ouius
772 2629 792 2670 τ
823 2627 879 2669 seu
907 2605 939 2669 a
960 2613 1034 2692 post
1054 2606 1183 2671 vocales
1205 2608 1344 2692 positum

254 2717 332 2772 erat.
377 2709 430 2773 Ex
461 2712 497 2798 τ]
524 2718 556 2776 et
585 2711 632 2797 197'
659 2707 889 2774 assimilatione
915 2708 952 2772 fit
980 2728 1036 2788 σσ,
1067 2709 1123 2773 sed
1145 2710 1178 2773 in
1200 2708 1344 2776 dialectis

253 2809 424 2894 Boeotico,
455 2812 656 2893 Thessalica,
683 2813 793 2877 Attica
814 2836 863 2877 ss.
910 2812 1003 2893 Quae
1025 2811 1205 2877 differentia
1227 2813 1342 2878 dialec-

254 2921 359 2978 torum
383 2917 465 2980 mira
485 2937 523 2981 eo
545 2917 616 3002 ipso
639 2925 829 2999 argumento
850 2915 994 2999 videtur,
1024 2916 1109 3001 quod
1132 2915 1232 2997 duae,
1261 2937 1344 3002 quae

254 3016 441 3103 plerumque
466 3027 637 3104 putantur,
667 3019 793 3084 dialecti
815 3017 967 3083 Aeolioae
990 3026 1023 3082 et
1045 3017 1201 3083 dialectus
1224 3020 1344 3104 Attica,

253 3121 273 3182 i.
296 3142 322 3185 e.
345 3141 422 3206 pars
444 3120 589 3204 donicae,
612 3144 811 3188 communem
834 3123 992 3187 rationem
1014 3130 1197 3208 sequuntur.
1242 3121 1343 3188 Cuius

252 3226 299 3288 rci
328 3224 535 3310 explicationi
564 3228 719 3308 usitatae,
749 3249 789 3291 ex
819 3247 883 3312 qua
913 3227 994 3291 dect.
1017 3237 1052 3307 -Ι-
1071 3227 1089 3310 7'
1107 3226 1141 3289 in
1162 3225 1242 3290 oleat.
1266 3235 1299 3304 4-
1323 3247 1344 3291 o

251 3327 421 3393 immutata
451 3330 493 3394 sit
520 3338 553 3395 et
582 3331 616 3396 in
642 3330 776 3415 singulis
799 3328 943 3394 dialectis
965 3329 1045 3393 dent.
1068 3339 1101 3405 t·
1123 3348 1146 3393 σ
1168 3330 1278 3393 autin
1302 3350 1343 3395 σσ

253 3439 309 3497 aut
337 3433 371 3498 in
402 3454 443 3498 τι
474 3433 598 3515 abierit,
619 3452 722 3522 nuper
742 3433 854 3498 Ascoli
875 3431 973 3519 (studj
996 3432 1097 3496 critici
1118 3431 1152 3495 II
1174 3433 1239 3497 410
1261 3435 1343 3521 sqq.)

251 3537 454 3622 repugnavit.
488 3536 608 3603 Censet
624 3539 706 3602 enim
722 3536 776 3601 ille
790 3537 841 3600 vir
856 3535 979 3618 doetus,
1000 3548 1085 3620 pata,
1101 3538 1191 3618 dent,
1206 3538 1265 3602 lob.
1280 3538 1346 3622 -t-y‘
1366 3566 1368 3569 ·

251 3640 462 3704 communiter
483 3662 562 3706 sono
585 3640 718 3725 palatali
741 3639 842 3720 affici,
864 3638 949 3703 unde
972 3663 1014 3721 qq,
1037 3659 1079 3703 σσ
1099 3648 1267 3717 nascatur3
1301 3662 1341 3703 ττ

250 3764 327 3807 vero
350 3742 532 3829 ubicunque
554 3744 746 3831 reperiatur,
767 3748 881 3830 postea
903 3763 940 3806 ex
963 3762 1097 3807 coesse
1120 3750 1233 3809 ortum.
1277 3741 1341 3806 Sed

250 3845 336 3931 quod
366 3846 461 3909 etiam
488 3847 546 3913 lob.
570 3853 611 3924 4-
627 3849 647 3934 j
665 3848 700 3911 in
722 3866 764 3911 σσ
785 3846 874 3909 abire
895 3866 991 3931 posse
1013 3844 1130 3928 credit,
1160 3844 1254 3911 nobie
1276 3866 1341 3918 non

251 3948 329 4014 satis
359 3947 531 4036 probatur:
561 3972 645 4037 quae
668 3950 753 4014 euim
776 3948 923 4034 exempla
945 3948 1053 4030 affert,
1084 3948 1207 4029 omnia,
1235 3946 1342 4034 quoad

250 4052 462 4138 etymologiae
491 4062 657 4134 constant,
687 4051 836 4118 labialem
865 4049 987 4116 habent
1017 4074 1035 4115 e
1064 4051 1219 4136 gutturali
1241 4050 1342 4114 altera

249 4156 370 4241 (Fickii
383 4155 418 4241 Ιι)
434 4156 602 4223 affectione
617 4156 726 4223 labiali
741 4163 851 4220 natam
866 4154 919 4240 (of.
935 4153 977 4218 ad
993 4147 1110 4235 πέσσω,
1125 4147 1209 4233 ὅσοι,
1225 4155 1341 4218 ἑνίσσω

249 4269 307 4324 cet.
323 4257 415 4325 Gra.⁴
431 4259 495 4327 453
518 4265 615 4348 sqq.);
646 4249 762 4349 φάσσα
784 4255 932 4344 (φάττα)
952 4258 1090 4344 quidem,
1112 4257 1198 4344 quod
1213 4266 1342 4345 praeter
