3256 4822
691 216 901 284 ...33„

250 385 362 474 ἀμέσω
383 389 565 458 accuratius
585 389 627 453 ad
643 388 696 455 lat.
712 412 838 455 εωααναε
852 389 1006 469 conferre,
1029 389 1106 474 quia
1120 387 1222 453 altera
1237 388 1341 454 forma

37 481 66 543 ss
178 511 181 515 ·
250 492 377 559 Graeca
402 492 617 581 respondente
646 492 757 556 formis
786 512 893 556 escrae
920 500 954 556 et
980 501 1094 575 gotose
1115 491 1278 571 docemur,
1305 492 1339 555 in
1430 516 1431 519 ¹

77 621 81 632 ·
147 642 175 664 2
250 595 449 662 Graecorum
474 596 586 681 lingua
611 596 771 660 communi
799 594 936 660 formam
968 596 1155 681 primariam
1185 589 1269 679 ὀμσο
1292 593 1339 658 af·

249 698 357 765 fuisse.

333 811 437 895 μασί(·
466 803 625 895 μεγάλως.
655 808 811 893 Hesyeb.,
844 809 884 877 cf.
912 809 1158 893 μασί-γόοαπον
1184 808 1339 892 βασιλῆα·

250 909 313 988 τὸν,
336 907 554 999 μεγαλόηχον,
585 905 647 978 τὸν
672 916 777 997 μέγαν
807 917 842 977 ἐν
864 912 934 997 ἤχῳ
957 911 1014 994 id.,
1040 919 1208 997 praeterea
1232 913 1365 987 Mass-l

247 1011 368 1100 μάνας·
397 1009 476 1089 τούς
501 1007 694 1100 βαρβάρους
721 1009 825 1090 οὕτως
853 1016 976 1099 ἔλεγον)
999 998 1340 1099 aFiekio(lI⁸184)

248 1141 322 1183 eum
354 1119 408 1185 lat.
439 1141 515 1194 mas,
543 1117 642 1180 moris
668 1127 889 1202 comparatum
919 1125 975 1182 est.
1020 1115 1115 1197 Quod
1145 1117 1201 1181 vix
1223 1137 1341 1202 operae

249 1222 389 1308 pretium
412 1218 631 1298 secreturus,
653 1240 725 1282 oum
748 1223 894 1287 notiones
917 1221 1011 1284 nimis
1035 1219 1226 1304 discrepent.
1274 1218 1341 1283 Nec

249 1335 337 1388 recte
359 1344 431 1387 cum
453 1321 569 1387 Fickio
592 1343 633 1385 ex
656 1319 720 1386 alia
742 1323 850 1407 glossa
870 1321 1078 1421 Hesychiana
1098 1321 1247 1405 μάσ-τα(’
1270 1317 1340 1406 ἡγε-

248 1420 321 1511 μών
336 1419 356 1503 ἢ
372 1418 533 1510 μεγάλως)
548 1423 666 1488 radicis
681 1425 817 1489 sarmam
831 1447 916 1511 μασ-
931 1446 1131 1512 poneremus,
1147 1445 1220 1488 eum
1232 1422 1342 1509 glossa

247 1521 356 1613 μάτας·
377 1531 489 1613 μέγας·
511 1528 597 1601 τινὲς
620 1528 674 1590 ἐπί
695 1527 755 1592 τοῦ
775 1528 936 1613 βασιλέως
959 1527 1175 1604 confirmetur,
1202 1525 1252 1590 his
1274 1548 1341 1605 0m7

249 1632 346 1695 nibus
367 1630 479 1695 formis
501 1631 642 1694 radicem
664 1654 734 1714 ματ
760 1629 901 1712 subesse,
923 1631 1014 1695 ouius
1034 1655 1055 1695 τ
1077 1640 1133 1694 aut
1156 1637 1230 1694 ante
1252 1653 1265 1693 ι
1286 1637 1341 1692 aut

251 1743 326 1797 ante
348 1732 508 1797 dentulem
531 1732 638 1796 suffixi
660 1732 693 1795 in
717 1753 738 1797 o
759 1733 960 1796 immutatum
975 1733 1032 1821 ,³5²-

335 1853 411 1927 άσις
441 1850 569 1931 ‚dimus“
599 1872 619 1914 a
640 1851 755 1915 Fickio
779 1851 921 1937 (1³504)
952 1852 1099 1916 eradico
1122 1876 1160 1916 as
1182 1851 1340 1936 ,μολπαί

251 1955 431 2021 derivatum
454 1964 486 2018 et
508 1974 579 2017 cum
605 1951 665 2016 ado
687 1955 770 2019 ohta·
788 1963 1008 2040 comparatum
1030 1963 1094 2032 θεῖς
1126 1952 1183 2018 sed
1205 1953 1341 2017 Fickius

251 2063 320 2145 ipse
342 2057 403 2122 hoc
424 2079 465 2120 ex
488 2054 574 2119 *dsts'
593 2064 706 2120 natum
727 2067 820 2142 putat
842 2067 874 2122 et
895 2057 1031 2123 formam
1050 2058 1236 2143 primariam
1251 2056 1342 2121 verbi

251 2160 368 2235 Graeci
401 2154 487 2259 siun⁸
514 2158 624 2226 fuisse.
676 2157 750 2239 Qua
784 2161 817 2223 in
854 2183 888 2224 re
917 2148 989 2224 cum
1020 2181 1071 2224 me
1100 2169 1133 2224 et
1162 2158 1344 2224 differentia

250 2264 439 2351 quantitatis
454 2257 553 2347 (ἄσις,
574 2260 666 2346 disits)
687 2272 719 2325 et
740 2264 827 2327 notio
849 2265 980 2349 propria
1000 2262 1120 2328 radicis
1141 2262 1240 2327 asad
1261 2261 1342 2325 haec

246 2366 407 2432 voeabula
428 2367 484 2431 vix
506 2373 584 2450 apta
606 2364 761 2448 offendat,
784 2367 921 2440 fortasse
943 2378 1051 2432 tamen
1075 2377 1160 2432 reete
1182 2391 1202 2431 a
1223 2365 1338 2431 Fiokio

248 2470 507 2535 animadversum
537 2478 602 2547 est,
632 2490 707 2533 sscr.
738 2471 835 2534 osito-
865 2461 1207 2558 ‚,niger“'comparari
1235 2491 1338 2559 posse.

250 2573 313 2637 Sed
343 2572 406 2636 bac
438 2572 677 2658 comparatione
705 2571 909 2638 difficultates
930 2596 995 2638 non
1018 2575 1096 2639 satis
1117 2574 1338 2661 expediuntur.

333 2689 372 2755 In
395 2691 497 2755 altera
520 2690 615 2755 huius
637 2689 836 2778 paragraphi
856 2701 949 2778 parte
972 2715 1029 2758 eae
1051 2693 1259 2758 formationes
1282 2714 1336 2756 no·

249 2793 421 2858 minandae
449 2801 541 2874 sunt,
571 2814 652 2879 quas
681 2793 910 2879 posterioribus
931 2779 1131 2882 temporibus
1153 2795 1339 2882 (Homerica

248 2918 311 2960 non
335 2893 561 2979 excluduntur)
584 2903 678 2959 natas
701 2904 734 2959 et
755 2896 862 2959 formis
883 2896 975 2962 verbi
998 2899 1173 2981 sigmatiois
1196 2908 1253 2963 aut
1267 2898 1338 2964 aliis

248 2998 359 3063 formis
380 3000 413 3061 in
436 3017 457 3060 σ
478 2995 668 3062 cadentibus
690 2999 869 3084 applicatas
891 3021 962 3064 esse
984 3020 1161 3068 censemus.

334 3100 389 3165 Sic
409 3097 651 3185 Hesychianum
678 3096 807 3179 ὠδυσίη·
837 3097 928 3187 ὀργή·
958 3109 1068 3187 aperte
1094 3102 1244 3168 cohaeret
1265 3124 1338 3166 oum

247 3203 346 3269 verbo
372 3196 597 3268 ὀδύσσασθαι.

261 3306 265 3327 ’
333 3316 501 3407 aduocato,
523 3309 691 3379 κλαυσιάω
713 3313 829 3400 (praes.
851 3315 963 3398 κλαίω,
984 3337 1049 3380 aor.
1072 3317 1241 3403 ἔκλαυσα).

334 3427 472 3522 Βρισεάς
509 3442 682 3519 cognatum
718 3445 767 3499 est
802 3457 876 3498 oum
908 3433 1007 3500 verbo
1039 3434 1155 3520 βρίθω
1188 3437 1338 3520 (fortasse

249 3547 354 3602 autem
385 3559 426 3601 ex
447 3537 556 3601 Fickii
581 3538 706 3617 ratione
728 3538 912 3625 explicandi
933 3560 1049 3603 nornen
1071 3547 1107 3601 ut
1128 3531 1337 3625 Βρισ-άρμα-

249 3665 305 3716 τος
327 3640 510 3727 ponendum
534 3650 591 3719 est,
612 3641 659 3703 ita
680 3649 716 3704 ut
737 3664 813 3726 pars
836 3642 924 3728 prior
946 3651 1018 3706 orta
1040 3641 1082 3703 sit
1103 3662 1121 3702 e
1144 3641 1272 3705 nomine
1286 3662 1338 3705 ac·

248 3744 368 3828 tionis).

332 3853 431 3940 χεσάς
453 3875 473 3916 a
496 3851 592 3917 schol.
615 3832 768 3919 traditum
791 3856 909 3939 (praes.
929 3855 1024 3941 χέζω)

333 3973 502 4052 nassutio,
525 3973 681 4058 κανσηρλς
702 3973 820 4059 (praes.
844 3975 950 4060 καίω).

334 4075 501 4164 berotto
530 4105 602 4148 oum
628 4106 708 4150 voce
737 4086 870 4168 άλυσις,
895 4084 1011 4161 oid-vose
1033 4089 1182 4164 ,‚ostena“
1204 4084 1337 4170 conjun-

250 4189 390 4272 gendum
412 4197 461 4251 est
481 4186 536 4272 (cf.
559 4186 651 4254 (λη.4
673 4188 758 4273 549).

1102 4303 1144 4356 flii
