3256 4822
681 230 816 317 ..45⁴
852 254 893 296 .'.

240 417 335 482 huius
358 418 447 485 verbi
470 418 575 483 forma
594 426 661 498 est,
683 418 855 484 verisimile
876 418 932 503 fit,
953 420 1050 487 etiam
1073 420 1136 491 hoo
1156 426 1290 490 verbum
1313 448 1334 491 a

241 521 352 587 radice
375 522 516 609 quadam
539 522 572 585 in
594 543 615 587 σ
637 521 805 587 excidente
827 523 1005 590 derivatum
1021 547 1101 590 esse.
1138 526 1203 592 Sed
1217 532 1335 595 certius

238 624 346 709 oure
368 646 386 689 e
407 625 534 710 βυσνεω
555 625 735 708 derivatur,
757 647 854 711 quarn
875 626 948 711 ,tou
970 649 988 693 e
1008 628 1127 713 sivojo,
1156 635 1333 699 cumcuim

239 727 320 792 haec
342 727 447 793 forma
468 749 534 794 non
555 729 618 794 nisi
640 730 727 815 apud
749 730 943 816 posteriores
965 731 1157 813 inveniatur,
1182 738 1333 820 cogitatio

239 852 345 897 novae
374 832 576 898 formationis
607 854 625 898 e
646 832 705 900 fut
727 841 759 898 et
781 855 838 899 aor
859 828 965 918 (βύσω
988 840 1020 898 et
1039 834 1159 922 ἔβυσα)
1180 860 1243 903 non
1267 862 1333 905 om-

239 934 317 1001 nino
340 935 522 1021 abjicienda
544 945 603 1004 est.

323 1039 382 1125 50)
403 1037 498 1128 ‹pi-rio
518 1038 695 1121 „redundo,
718 1039 823 1105 builo“
845 1039 932 1126 apud
955 1038 1051 1105 Hom.
1073 1060 1138 1107 non
1161 1055 1335 1132 usurpatur

240 1143 302 1207 nisi
330 1142 364 1206 Φ
386 1143 448 1208 361
478 1145 513 1207 in
542 1152 686 1228 tempore
714 1144 901 1230 imperfecto
931 1164 1033 1230 eoque
1055 1142 1125 1209 ioco
1148 1167 1221 1211 cum
1244 1147 1334 1213 brevi

242 1246 344 1311 vocali
350 1240 412 1335 (ri),
427 1246 1180 1337 praetereaaor.iptooaoccurritinAnthPal.
1190 1249 1336 1332 V11351,

241 1350 327 1438 apud
337 1350 460 1417 Archil.
472 1351 515 1416 35
527 1350 694 1437 (scribitur
704 1350 803 1435 vulgo
815 1351 957 1440 -φλοσ-),
968 1352 1001 1415 in
1012 1351 1129 1418 Aesch.
1143 1352 1250 1420 Prom.
1260 1354 1332 1419 504.

239 1452 400 1520 Derivata
421 1477 486 1520 non
508 1454 723 1534 inveniuntur,
744 1475 850 1539 neque
871 1473 956 1538 quae
976 1454 1129 1540 elinguis
1143 1457 1333 1545 propinquis

240 1557 339 1624 allata
361 1567 445 1640 sunt,
466 1579 535 1623 rem
557 1557 742 1646 expediunt
777 1556 861 1621 Nam
883 1555 938 1622 lat
955 1559 1030 1640 fluo,
1051 1557 1137 1644 quod
1159 1569 1233 1645 post
1246 1558 1332 1625 Doe-

240 1661 428 1727 derleinium
457 1661 594 1726 Fiokius
623 1660 785 1748 (112176)
815 1659 938 1743 attulit,
969 1660 1101 1727 exhibet
1128 1662 1270 1727 radicem
1298 1664 1332 1728 in

239 1764 383 1830 vocalem
398 1775 584 1847 exeuntem3
606 1786 690 1852 quae
705 1771 814 1829 antem
828 1762 903 1829 Joh.
920 1762 1066 1828 Schmidt
1079 1765 1195 1842 (vocal.
1210 1763 1333 1850 11270)

241 1879 380 1952 cognata
407 1890 479 1935 esse
508 1870 625 1951 voluit,
659 1889 735 1933 sscr.
757 1875 856 1954 prud,
885 1869 962 1951 piar
990 1866 1159 1951 „ardere“,
1188 1891 1331 1953 german.

243 1973 376 2053 boran,
403 1994 506 2059 neque
535 1972 620 2036 inter
649 1993 684 2035 se
712 1993 772 2037 nec
801 1991 875 2035 cum
902 1970 1002 2035 verbo
1026 1968 1151 2036 Graeco
1172 1973 1207 2036 in
1229 1973 1332 2058 primo

243 2087 437 2141 consonante
468 2084 661 2160 congruunt.
713 2071 796 2139 Oum
828 2067 923 2163 φλύω
950 2072 1171 2140 Herodoteum
1204 2097 1330 2163 περιπε-

239 2180 438 2266 φλευσμένας
460 2180 504 2264 (V
528 2179 583 2264 77)
606 2178 778 2243 cohaerere
799 2177 936 2244 videtur.
980 2177 1045 2264 (Oi.
1070 2177 1161 2244 (irs.⁴
1182 2179 1271 2264 302.)

322 2286 379 2371 51)
413 2276 519 2370 κρούω
552 2279 714 2363 „offendo3
747 2287 879 2347 moveo“
912 2282 944 2366 (e
973 2304 1022 2366 gr.
1052 2281 1190 2346 chordas
1219 2281 1332 2368 lyrae).

238 2385 435 2474 Temporum
449 2387 574 2452 formae
589 2393 665 2449 sunt
676 2389 854 2471 utxpovpar
866 2394 897 2449 et
907 2389 1113 2470 κέκρουσμαι,
1128 2391 1333 2471 κέκρουσται,

237 2493 430 2571 ἐκέκραυστο
452 2490 645 2577 (κρουστέον
666 2497 716 2552 est
730 2487 819 2575 apud
832 2490 890 2555 Ar.
906 2488 1029 2556 Eccles.
1045 2488 1134 2572 988),
1156 2487 1285 2573 κροῦμα
1300 2497 1333 2551 et

235 2591 386 2681 κροῦσμα
396 2594 531 2660 variant.
546 2593 647 2658 Facio
656 2592 755 2676 igitur
764 2613 836 2656 cum
844 2591 1042 2658 Delbriickio
1051 2591 1105 2677 (K.
1114 2589 1333 2675 Z.xvl271)‚

234 2697 290 2781 qui
298 2694 1331 2781 palaeosax.brorrbn‚germ.draorjau(hodierr’trcn)comparavit.

320 2799 378 2881 52)
408 2797 560 2864 Radicem
595 2799 656 2863 dur
685 2797 849 2881 „docere“
877 2798 961 2863 h'ick
991 2798 1039 2885 (Ι3
1072 2797 1145 2881 103)
1175 2795 1331 2861 conclusit

234 2902 382 2985 inprimis
412 2924 430 2965 e
458 2882 549 2967 z'end.
569 2901 737 2965 rii-dortho
757 2900 929 2982 „doceor“,
957 2909 1023 2983 got.
1046 2908 1128 2984 part.
1149 2911 1331 2984 err-paduae

237 3005 329 3084 „sine
351 3001 490 3080 ordine“,
513 3024 589 3071 sscr.
610 3006 735 3070 dua-ra·
756 3036 798 3059 =-
821 3002 872 3071 nd.
894 3006 1031 3088 dar'rpru·
1045 3001 1229 3088 „sapiens“;
1259 3002 1328 3087 qui-

239 3103 300 3169 bus
320 3103 483 3170 haesitans
499 3107 646 3194 adjunxit
660 3129 706 3191 gr.
723 3107 815 3171 δέδαε
830 3105 984 3187 „docuit“,
1007 3100 1121 3190 δάαρα
1136 3103 1328 3189 (cognomen

231 3206 474 3295 Proserpinae),
503 3233 564 3276 nec
583 3212 714 3278 Curtius
735 3210 845 3295 (Gra.⁴
867 3210 946 3297 229)
975 3213 1054 3275 certi
1082 3207 1259 3296 quidquam
1286 3209 1326 3274 de

231 3309 283 3375 his
305 3311 415 3378 verbis
436 3314 534 3396 dixit,
565 3316 683 3403 quippe
704 3317 760 3401 qui
783 3315 877 3381 etde
899 3314 968 3379 rad.
991 3315 1036 3379 do
1058 3322 1090 3377 et
1112 3311 1152 3377 de
1173 3312 1243 3379 rad.
1266 3315 1326 3378 dus

131 3435 135 3441 ’
229 3416 430 3501 cogitaverit.
477 3417 541 3483 Sed
572 3440 645 3483 cum
667 3421 789 3484 formae
811 3441 879 3486 sor.
902 3427 965 3484 act
988 3418 1095 3498 iduor,
1116 3416 1237 3496 δέδαεν,
1259 3439 1323 3481 aor.

230 3542 316 3605 pass.
339 3516 440 3602 ἐδάην
462 3543 480 3584 e
503 3520 612 3587 radice
633 3523 680 3587 du
700 3524 829 3589 omnino
851 3523 993 3588 derivari
1016 3542 1079 3585 non
1103 3522 1243 3604 possint,
1272 3541 1324 3583 ra·

231 3624 310 3688 dicis
338 3627 444 3691 forma
472 3627 533 3690 das
561 3646 627 3689 una
654 3625 697 3689 ad
724 3647 835 3693 omnes
857 3626 949 3691 verbi
971 3624 1091 3690 formas
1114 3620 1322 3707 explicandas

228 3727 374 3797 adhiberi
389 3737 506 3817 potest,
521 3752 604 3816 quae
620 3740 695 3794 sunt
708 3739 836 3817 praeter
850 3730 922 3793 illas
937 3728 1017 3814 perf.
1033 3722 1177 3803 δεδάασι,
1192 3721 1321 3806 δεδαώς,

227 3834 352 3922 piusqu.
375 3829 497 3915 δεδάα;
527 3834 684 3899 accedunt
704 3833 785 3919 perf.
807 3826 959 3911 δεδάηκα,
981 3829 1142 3910 δεδάημαι
1159 3827 1201 3891 ad
1218 3850 1319 3914 praes.

226 3924 343 4022 duusju
375 3937 569 4003 reducenda.
622 3935 749 4017 Quibus
778 3935 926 4001 addimus
955 3955 1027 3997 cum
1057 3930 1173 3995 Fickio
1203 3922 1319 4015 doisrpa

226 4058 267 4101 ex
296 4040 402 4106 forma
430 4041 587 4127 primaria
615 4032 781 4125 δασ-ερ-ιᾶ
806 4047 918 4103 natum
940 4045 972 4101 et
994 4035 1154 4121 adjectiva
1176 4031 1320 4119 δαήμων,

226 4135 341 4220 ἀδαής.
388 4142 511 4209 Contra
539 4145 681 4209 radicem
710 4145 770 4227 du,
800 4163 897 4229 quam
927 4139 1099 4205 ostendunt
1128 4137 1178 4202 nd.
1201 4139 1263 4202 dou
1285 4148 1319 4201 et

224 4242 317 4309 domi
344 4249 553 4333 „supientia“,
583 4251 671 4314 ddnu
700 4247 876 4333 „sapiens“,
906 4243 1111 4330 agnoscimus
1133 4241 1167 4305 in
1190 4239 1317 4307 Graeco
