3256 4822
677 274 888 339 ..53-

322 442 376 508 Ad
398 445 521 528 κυσός(·
544 439 641 528 πυγή,
665 452 860 528 mutuatos
875 444 1002 509 αἰδοῖον
1017 443 1174 530 Hesyeh.)
1189 446 1329 511 radicem

237 569 296 611 κυτ
319 568 404 632 pono
426 555 607 635 propterea,
628 546 715 633 quod
737 548 831 633 plura
852 546 954 613 verba
971 546 1098 613 Graeca
1121 570 1186 613 non
1209 571 1250 612 ex
1265 571 1330 614 una

237 650 345 714 omnia
381 650 444 714 nisi
477 671 518 714 ex
550 650 612 714 hac
641 670 792 716 emanare
822 659 1010 745 potuerunt3
1044 659 1133 716 sunt:
1165 645 1204 716 τό
1232 652 1331 728 κύτος

236 757 397 835 „cavum“,
419 751 551 828 κύσθος
571 774 714 833 „cavum‚
735 759 887 834 cunnus“‚
908 754 1023 830 κύστις
1037 754 1254 836 „membrana
1276 777 1329 820 ve·

236 856 342 938 sica“,
371 849 534 941 κυσσαρός
562 858 703 937 „anus“.
755 855 863 936 Quam
892 855 926 922 in
955 856 1097 922 radicem
1126 855 1178 921 lat.
1209 882 1332 923 asanaa

237 981 364 1046 quoque
391 957 504 1023 referri
525 967 633 1044 potest
653 958 709 1043 (cf.
728 976 834 1044 penno
856 979 897 1023 ex
913 958 1045 1046 pet-na).
1090 959 1248 1025 Suffixum
1270 962 1330 1046 igi·

237 1071 290 1127 tur
319 1082 374 1127 -co
400 1062 528 1127 videtur
556 1083 643 1143 esse,
673 1061 943 1147 quemadmodum
965 1056 1128 1147 κυσσαρός
1151 1062 1330 1151 (Hippocr.)

237 1164 353 1230 suffixo
376 1165 429 1229 illo
453 1186 549 1247 -σαρο
572 1172 769 1230 exstructum
792 1175 850 1241 est,
874 1163 960 1250 quod
976 1165 1048 1251 jam
1066 1167 1194 1252 saepius
1209 1167 1330 1232 inveni-

239 1290 319 1335 mus.
363 1265 525 1335 Froehdio
547 1267 647 1352 igitur
661 1266 836 1352 (Bezzenb.
860 1256 1071 1352 b'eio.1329)
1094 1270 1244 1334 assentiri
1266 1291 1329 1334 non

237 1393 378 1459 possum,
401 1372 456 1456 qui
478 1369 521 1435 ad
535 1393 648 1436 vocem
662 1368 736 1435 Lat
753 1371 977 1457 explicandam
993 1372 1129 1436 formam
1144 1373 1330 1458 primariam

235 1474 374 1555 leaenas,
399 1473 439 1538 ad
463 1473 624 1539 Graecam
645 1474 767 1540 bonam
788 1474 948 1561 proponit.
993 1473 1195 1540 Vocabulum
1217 1485 1330 1541 contra

113 1660 118 1665 Α
235 1576 278 1642 lit
300 1578 416 1663 kuazya
438 1599 542 1664 neque
564 1578 616 1643 ille
637 1598 742 1663 neque
764 1597 825 1659 ego
848 1577 1030 1643 accuratius
1052 1598 1125 1642 cum
1149 1578 1274 1644 Graeco
1297 1588 1330 1644 et

234 1680 353 1745 Latino
376 1682 572 1767 conjungere
594 1701 776 1768 possumus.

320 1784 434 1859 κισσός
463 1783 618 1864 „hedera“
648 1805 721 1848 cum
751 1781 812 1848 hoc
842 1783 912 1869 ipso
934 1781 1093 1847 vocabulo
1115 1782 1170 1850 lat.
1194 1805 1213 1847 a
1236 1782 1328 1849 Win-

236 1884 359 1951 disohio
390 1886 444 1973 (cf.
467 1887 551 1952 Fick
573 1886 607 1951 II
632 1886 686 1971 78)
716 1886 835 1974 optime
857 1883 986 1949 videtur
1006 1895 1226 1972 comparatum
1249 1908 1329 1966 esse,

236 2008 371 2075 quorum
407 1989 512 2054 forma
547 1990 700 2077 primaria
736 1989 798 2053 fuit
826 1987 1026 2074 phadaja-³3
1063 1988 1219 2075 κίσσαρος
1250 2011 1328 2055 vero

236 2092 335 2179 (idem
358 2093 518 2176 significat
541 2114 593 2179 ap.
616 2092 787 2180 Hippocm
822 2089 909 2176 apud
932 2087 1042 2154 Diosc.
1063 2089 1182 2174 legitur
1203 2114 1329 2178 quoque

234 2217 293 2282 pro
323 2197 437 2271 κίστος
469 2216 526 2260 seu
552 2195 690 2282 alodos)
713 2195 822 2260 suffixi
843 2215 940 2279 -σαρο
962 2215 1024 2281 ope
1045 2192 1219 2259 formatum
1239 2197 1329 2261 vide·

234 2308 295 2366 tur.
340 2297 519 2380 Quominus
548 2298 664 2374 κισσός
693 2322 733 2365 ex
764 2300 914 2374 aad-oue
936 2306 1048 2363 natum
1069 2296 1241 2378 faciamus,
1270 2300 1329 2364 im-

235 2401 381 2490 pedimur
409 2401 514 2471 forma
536 2404 647 2468 Attica
676 2403 809 2484 κιττός,
838 2423 921 2489 quae
950 2410 1079 2489 praeter
1106 2403 1220 2477 κισσός
1244 2402 1331 2490 apud

237 2505 409 2590 scriptores
430 2506 617 2573 recentioris
639 2505 756 2572 aetatis
776 2505 946 2571 invenitur.

321 2604 420 2694 ῥῦσός
451 2612 638 2694 „rugosus“
667 2608 843 2674 secundum
872 2607 1020 2673 Curtium
1050 2604 1147 2692 (stud.
1177 2605 1224 2671 VI
1253 2607 1331 2693 271)

235 2731 308 2775 cum
336 2701 431 2798 ῥῦτίς
452 2716 574 2797 „ruga“
596 2733 765 2800 eomparo3
799 2710 996 2797 quantitates
1019 2709 1148 2796 quidem
1169 2709 1330 2775 vocalium

237 2814 404 2897 differunt,
434 2816 491 2882 sed
521 2837 594 2881 cum
623 2824 793 2901 utrumque
815 2813 1009 2880 vocabulum
1030 2834 1104 2878 oum
1124 2811 1224 2877 verbo
1247 2813 1329 2901 lpv'o

237 2918 497 3004 conjungendum
526 2919 689 2997 videatur,
720 2916 915 3004 adjectivum
943 2913 1042 3001 ῥῦτός
1071 2915 1144 2980 licet
1174 2915 1329 3000 conferre,

237 3019 329 3085 euius
359 3043 378 3084 υ
406 3020 596 3106 productum
624 3028 681 3089 est.
725 3021 879 3086 Fortasse
907 3029 1014 3085 autam
1036 3019 1154 3084 rectius
1176 3017 1328 3082 suffixum

236 3123 367 3210 ponitur
389 3128 456 3210 ·tja
810 3156 813 3165 ·
939 3206 942 3213 ι

321 3227 485 3314 βλοσυρός
510 3226 628 3311 ‚‚uber‚
653 3226 826 3292 terribilis“
848 3249 869 3291 a
892 3224 1004 3290 Curtio
1026 3222 1133 3310 (ursa
1156 3223 1235 3311 538)
1257 3246 1329 3289 cum

236 3331 396 3415 βλωθρός
423 3330 630 3417 conjungitur
652 3340 684 3395 et
706 3353 724 3395 e
745 3330 854 3395 radice
876 3329 1016 3415 quadam
1038 3328 1135 3412 βλοθ
1157 3326 1329 3395 derivatur.

323 3433 495 3518 Singulare
522 3430 617 3498 huius
639 3434 766 3518 generis
789 3432 970 3519 exemplum
992 3452 1063 3496 esse
1085 3426 1233 3514 κασσΰω,
1258 3431 1328 3517 jam

237 3561 276 3603 eo
306 3536 512 3602 manifestum
541 3536 593 3616 lit,
624 3535 710 3623 quod
732 3537 837 3600 forma
859 3530 989 3600 nascio)
1011 3542 1140 3621 praeter
1161 3532 1249 3598 illam
1272 3532 1328 3598 ob·

237 3642 334 3706 venit.
379 3638 565 3706 Secundum
586 3638 728 3705 Pettium
758 3639 818 3703 hoc
847 3637 982 3702 verbum
1005 3657 1045 3699 ex
1068 3635 1171 3700 forma
1193 3655 1329 3721 praepo·

238 3744 364 3810 sitionis
393 3743 484 3808 κατά
512 3763 585 3806 cum
613 3743 712 3809 verbo
740 3752 804 3807 σῦω
829 3740 984 3806 confluxit
1005 3738 1071 3824 (cui
1092 3758 1175 3824 quac
1196 3759 1328 3823 respon·

237 3848 316 3914 dent
344 3846 395 3913 vd.
422 3845 509 3934 apud
532 3844 679 3910 Curtium
700 3844 776 3912 Gra.
799 3846 895 3926 385);
930 3841 1017 3930 quod
1038 3840 1170 3906 verbum
1194 3862 1260 3906 non
1281 3843 1329 3905 in-

237 3951 364 4019 venitur
393 3949 456 4014 nisi
485 3947 573 4034 apud
593 3948 694 4014 Jones
725 3958 758 4014 et
777 3946 902 4013 Atticos
932 3952 965 4009 et
994 3944 1131 4009 fortasse
1159 3966 1224 4009 non
1252 3955 1327 4008 ante

237 4054 391 4121 dialectos
421 4052 598 4138 disjunctas
621 4075 640 4117 a
663 4050 868 4138 loquentibus
890 4070 948 4134 pro
972 4069 1036 4112 uno
1059 4046 1158 4112 verbo
1181 4046 1328 4115 habitum

123 4198 126 4204 ι
237 4168 295 4239 est,
316 4159 363 4223 ita
385 4165 421 4221 ut
442 4154 688 4244 praepositionis
709 4157 759 4219 vis
781 4162 850 4219 tota
870 4150 1120 4218 imminueretur.

323 4260 450 4344 Quibus
480 4281 563 4326 nom.
590 4280 695 4347 propr.
726 4256 908 4344 adjicienda
935 4276 1006 4320 esse
1027 4252 1204 4319 credimus:
1232 4252 1327 4318 Ἀλεί-
