3256 4822
722 235 934 299 ..26-

284 408 408 495 pediat,
443 408 611 495 quominus
640 406 772 494 stirpem
800 407 835 471 in
865 427 914 470 -sv
943 425 1118 492 ponamus:
1153 404 1259 471 Dores
1288 408 1373 471 enirn

284 511 395 574 dicunt
416 501 532 596 Ἄρεος,
546 502 654 595 Ἄρει,
670 509 779 594 Ἄρεα,
809 508 865 573 sed
893 505 1017 591 βασιλῆ
1045 509 1219 574 contractis
1240 508 1373 596 syllabis

283 613 336 699 (cf.
348 612 429 680 Abr.
445 612 474 680 d.
487 613 565 681 Dor.
577 613 670 700 2303
685 614 786 680 Attici
801 613 854 679 alii
871 633 1110 698 saepenumero,
1126 611 1180 678 alii
1195 635 1319 699 semper
1330 653 1373 663 -·

283 720 454 810 praecipue
469 727 584 805 poetae
595 756 635 766 —
648 716 768 783 habent
779 717 882 805 Ἄρως
897 738 956 802 pro
962 713 1083 802 Ἄρεως,
1098 737 1261 802 nunquam
1276 717 1371 800 βασι·

284 826 369 902 λέας;
385 822 562 889 accusativi
576 821 711 888 formam
723 818 967 908 ιιειεερεηεἌρη
978 819 1109 908 stilpon
1119 858 1159 867 -
1169 818 1264 904 Ἄρεα
1275 821 1372 885 semel

284 928 317 991 in
335 926 502 1015 Sophoclis
525 926 666 991 carmine
689 923 817 990 chorico
839 922 1002 988 invenitur
1016 961 1066 1002 -,
1089 923 1144 988 sed
1167 922 1290 1007 βασιλῆ
1308 946 1372 990 non

283 1030 345 1095 nisi
374 1031 554 1106 rarissime,
575 1025 721 1114 βασιλῆα
743 1047 907 1113 nunquam
931 1025 1018 1112 apud
1039 1034 1152 1113 poetas
1173 1029 1298 1093 Atticos
1321 1049 1372 1094 oo·

286 1135 402 1215 currit3
433 1134 518 1221 apud
541 1132 742 1199 Herodotum
765 1129 911 1217 stirpium
934 1131 1018 1194 ineo
1040 1152 1142 1219 aeque
1164 1152 1204 1197 ac
1225 1132 1371 1219 stirpium

281 1237 378 1302 in-so
408 1236 592 1301 cadentium
621 1245 697 1302 sunt
726 1236 849 1302 formae
879 1237 1012 1314 ἰη-εας,
1041 1242 1097 1315 -εἳ,
1130 1257 1182 1299 -εα
1208 1243 1371 1316 exeuntes,

282 1339 340 1406 sed
362 1339 414 1405 bis
435 1340 597 1404 invenitur
608 1338 712 1427 Ἄρηι;
735 1339 873 1426 denique
893 1360 954 1404 nec
968 1337 1091 1403 formae
1104 1337 1255 1404 Aeolicae
1270 1337 1371 1405 Boeo·

282 1445 427 1531 ticaeque
449 1442 675 1531 paradigmata
696 1441 868 1508 verborum
890 1442 989 1516 ἱει-εας
1012 1450 1161 1508 accurate
1183 1451 1370 1528 sequuntur,

283 1568 366 1632 quae
389 1556 478 1612 sunt:

554 1649 641 1714 Lesb
1004 1649 1096 1717 Boet.

511 1776 543 1820 n.
629 1774 694 1828 -εεα
999 1745 1094 1839 (αὖε)

512 1878 540 1921 a.
628 1878 685 1935 -ηα
1017 1863 1081 1921 -εῖα
1189 1906 1192 1909 ,

512 1981 543 2043 g·
630 1982 701 2038 cos
1018 1966 1094 2036 -εῒοε

513 2061 544 2129 d.
1017 2070 1080 2143 -εῒε,
1269 2136 1273 2151 x

281 2164 358 2248 quin
381 2165 477 2229 etiam
500 2167 703 2250 grammatici
724 2166 758 2230 in
781 2175 917 2253 utraque
939 2166 1075 2233 dialecto
1097 2190 1168 2252 gen.
1178 2167 1288 2252 Ἄρεος
1303 2169 1371 2233 sive

276 2264 387 2349 Ἄρεος
407 2269 441 2332 in
465 2289 525 2333 usu
539 2268 640 2333 fuisse
654 2269 796 2349 tradunt,
809 2268 864 2355 qui
879 2270 1053 2354 respondet
1067 2269 1208 2354 genitivo
1224 2271 1370 2356 stirpium

282 2370 316 2432 in
345 2389 379 2434 εσ
402 2370 447 2451 *).
490 2370 630 2437 Formae
654 2370 863 2438 dialectorum
888 2394 1012 2453 omnes,
1033 2373 1067 2438 ni
1089 2372 1191 2453 fallor,
1214 2372 1248 2437 id
1269 2395 1368 2438 unum

282 2472 447 2538 evidenter
476 2473 714 2555 demonstrant,
743 2474 804 2539 boc
818 2472 979 2555 uerbum,
1009 2484 1045 2540 nt
1075 2484 1145 2542 erat
1166 2476 1295 2541 unicum
1319 2476 1367 2541 sui

282 2577 420 2660 generis,
443 2577 509 2642 suis
531 2577 658 2663 legibus
673 2599 767 2643 usum
782 2599 861 2643 esse.
891 2576 1010 2644 Omnis
1023 2586 1132 2645 autem
1147 2579 1369 2666 expediuntur,

283 2680 311 2743 si
335 2680 496 2765 ponimus,
518 2681 622 2768 primo
638 2672 742 2767 Ἄρης,
758 2675 866 2770 Ἄρεος
888 2692 947 2748 cet
969 2689 1005 2746 ut
1026 2675 1146 2769 ψευδής
1168 2691 1227 2750 oet.
1249 2683 1367 2749 flexum

282 2803 362 2863 esse,
384 2783 470 2870 quod
492 2785 641 2851 vocativo
653 2777 736 2872 Ἄρες
759 2786 837 2852 satis
858 2784 981 2850 firmari
1002 2784 1130 2851 videtur
1152 2786 1197 2872 (st
1220 2787 1368 2871 leguntur

281 2887 343 2951 bae
357 2886 480 2954 formae
495 2888 581 2977 apud
593 2888 698 2954 Dores
713 2896 746 2954 et
760 2888 869 2975 alibi)3
887 2897 1054 2977 praeterea
1067 2912 1172 2978 neque
1186 2890 1220 2955 in
1235 2898 1368 2956 accentu

281 2991 404 3058 formae
433 2992 578 3059 vocaculi
595 2992 692 3078 Ἄρης
721 3014 794 3060 eum
823 2993 1036 3059 declinatione
1065 2994 1210 3081 stirpium
1239 2994 1273 3059 in
1303 2984 1369 3069 -sric

283 3104 473 3178 congruunt.
505 3094 590 3161 Tum
605 3105 712 3161 autem
726 3098 760 3161 in
775 3096 920 3162 dialectis
935 3094 1064 3182 quidem
1081 3095 1200 3162 Ionicis
1215 3104 1248 3162 et
1261 3096 1369 3162 Aeoli·

282 3197 329 3262 cis
355 3206 484 3285 praeter
513 3196 599 3263 banc
620 3199 843 3266 formationem
866 3200 999 3266 alteram
1021 3198 1055 3261 in
1077 3218 1171 3263 usum
1192 3199 1327 3276 venisse,
1349 3219 1367 3261 e

282 3300 479 3367 nominativo
495 3302 713 3389 potiusquam
729 3325 747 3368 e
762 3304 861 3391 stirpe
872 3303 1002 3389 propria
1012 3309 1238 3387 propagatam:
1247 3295 1367 3388 Ἄρηος

274 3395 370 3487 Ἄρηϊ,
384 3394 493 3489 ’Ἄρηα
514 3403 799 3490 (quemadmodum
821 3405 909 3492 apud
924 3404 1019 3470 Hom.
1032 3407 1132 3489 χέρηϊ,
1144 3407 1267 3489 χέρηα),
1282 3403 1367 3488 quod

276 3507 347 3593 jam
360 3506 566 3591 Brugmanus
577 3507 679 3574 voluit
688 3508 744 3595 (cf.
760 3508 858 3574 etiam
869 3508 1030 3594 adjectiva
1036 3505 1156 3591 Ἄρειος
1171 3501 1368 3593 εεἈρήιος);

282 3609 367 3676 hanc
388 3609 612 3677 formationem
635 3613 812 3698 reperimus
834 3610 921 3697 apud
939 3609 1123 3690 Homerum,
1145 3608 1370 3696 interdumque

368 3815 397 3882 *l
415 3814 450 3871 cf.
468 3815 632 3879 Beermsnn,
650 3814 684 3869 de
700 3813 764 3868 dial.
782 3811 875 3868 Boset.
892 3814 964 3870 stud.
982 3813 1019 3867 tx
1039 3814 1081 3869 72.
1116 3813 1194 3879 Quod
1211 3815 1306 3870 autem
1323 3815 1370 3870 ille

281 3904 374 3970 putat,
399 3923 415 3955 o
438 3917 488 3973 per
511 3900 720 3971 productionem
745 3899 941 3970 suppletorium
963 3901 1107 3956 evanuisse
1130 3902 1167 3971 (p.
1190 3902 1243 3971 44),
1267 3902 1369 3957 formas

280 3987 366 4057 igitur
387 3988 417 4043 in
435 4010 508 4054 -ηοε,
526 4009 592 4045 -ειος
610 4005 668 4042 csse
686 3986 847 4043 vetustiores
865 3991 900 4056 (p.
919 3988 972 4058 72),
992 4005 1042 4044 nos
1059 3987 1243 4058 improbemus
1260 4003 1370 4042 necesse

279 4074 322 4128 est
339 4076 451 4144 propter
472 4074 680 4144 inscriptionum
697 4073 886 4130 testimonium
903 4075 932 4133 et
949 4073 1017 4142 quia
1033 4073 1156 4145 sigmatis
1173 4075 1247 4129 inter
1264 4073 1370 4129 vocales

280 4160 362 4230 positi
376 4178 425 4231 per
437 4159 644 4231 productionem
656 4161 853 4231 suppletoriam
864 4160 923 4215 elisi
935 4161 1013 4216 nulla
1024 4161 1140 4232 vestigia
1152 4161 1252 4215 adsunt
1259 4161 1370 4231 praeter

281 4263 368 4302 unum
385 4252 515 4316 repimus
531 4246 560 4318 (l.
578 4248 596 4302 t
613 4265 640 4318 p.
659 4248 712 4317 44).
