3256 4822
692 223 905 293 ..65-

336 396 483 483 Denique
510 396 664 463 nonnulla
685 396 875 461 disserenda
896 401 972 461 sunt
993 392 1034 458 de
1056 394 1175 459 dativis
1196 395 1342 480 (accura-

249 502 329 564 tius:
352 500 514 585 locativis)
536 500 617 587 plur.
640 501 673 564 in
697 519 753 568 -σι,
789 498 835 563 Et
848 496 1041 565 Osthoffium
1062 496 1191 582 quidem
1206 499 1342 565 eandem

249 626 316 670 rem
347 611 539 669 tractantem
567 603 657 689 sequi
680 624 745 667 non
766 622 951 689 possumua
991 602 1091 667 Putat
1112 601 1198 667 enim
1219 600 1272 666 ille
1293 604 1344 671 vir

250 709 363 773 doctus
392 706 530 772 formam
560 705 669 771 suffixi
699 703 1002 790 Indogermanioam
1033 706 1133 770 fuisse
1161 730 1230 783 -ιιι,
1259 727 1343 791 quaa

249 812 346 875 etiem
370 810 498 892 linguae
520 809 666 875 Graecae
688 810 791 895 primo
813 809 946 895 propria
966 817 1080 896 postea
1101 808 1201 877 altero
1224 808 1341 873 suffixo

249 935 298 980 -σι
327 922 536 1000 compensata
567 913 617 976 sit.
661 911 728 976 Nos
756 910 867 977 suffixi
889 911 1025 979 formam
1048 912 1226 991 Graecam,
1255 911 1341 998 quod

247 1017 435 1105 plerumque
456 1016 507 1093 fit,
538 1015 687 1102 ponimus
709 1020 800 1096 oft,
827 1035 911 1100 quae
934 1014 1035 1079 artius
1056 1036 1130 1081 cum
1151 1014 1268 1081 suffixo
1291 1017 1341 1083 sd.

246 1127 316 1184 -soo
344 1119 445 1205 (dvo)
475 1117 647 1187 cohaerere
677 1117 812 1182 videtur.
858 1115 959 1183 Cuius
989 1117 1098 1184 suffixi
1128 1139 1149 1184 o
1178 1127 1341 1184 servatum

247 1225 351 1288 estin
373 1222 523 1288 omnibus
545 1220 703 1286 eiusmodi
725 1221 852 1298 formis3
881 1221 1055 1287 nonnullae
1076 1224 1198 1288 formae
1220 1221 1342 1289 habent

247 1347 305 1406 oo,
333 1325 418 1412 quod
449 1348 489 1390 ex
520 1332 564 1391 of
595 1322 826 1388 assimilatione
851 1331 964 1389 natum
986 1333 1200 1410 potestesse:
1230 1335 1341 1392 νέκυσι

246 1428 421 1514 (canonos),
442 1423 573 1508 πόλισι,
595 1427 676 1509 olet,
696 1423 879 1508 βασιλεῦσι,
899 1424 1008 1511 βουσί,
1030 1430 1129 1494 ναυσί
1152 1430 1262 1515 (saepe
1285 1453 1339 1495 vo

246 1531 370 1596 ealibus
393 1529 596 1597 disturbatis:
618 1526 742 1609 πόλισι,
764 1519 880 1595 ἄστεσι
894 1530 984 1614 cet);
1009 1524 1217 1615 Ὀλυμπίασι,
1236 1531 1340 1597 24θῷ-

247 1656 330 1716 νησι,
352 1629 491 1721 θύρασι,
515 1626 687 1720 ὃρσέχμησι.

247 1824 274 1888 a.
320 1782 597 1904 ouanmrua,
627 1817 865 1986 NUMvffi
887 1814 954 1882 Σι
968 1816 1127 1884 nsruu
1151 1819 1338 1891 consan-

332 2042 427 2108 Hano
449 2039 711 2109 assimilationem
734 2061 836 2127 usque
851 2040 893 2105 ad
908 2040 988 2127 haec
1002 2042 1178 2108 novissima
1192 2053 1338 2131 tempora

245 2147 308 2210 tria
327 2145 474 2231 exempla
496 2152 676 2210 monstrare
697 2143 905 2209 videbantur:
928 2147 1067 2228 πτίσσω,
1089 2147 1255 2232 νίσσομαι,
1279 2142 1337 2228 ἀή-

245 2251 374 2316 θεσσον
395 2248 486 2331 (Gra.
509 2248 572 2314 652
594 2249 664 2333 sq.).
708 2247 818 2333 Nuper
839 2256 947 2312 autem
962 2247 1140 2324 Osthoffius
1162 2247 1196 2335 (l.
1219 2248 1239 2317 l.
1260 2251 1338 2337 339)

244 2355 375 2419 ιιτίσσω
398 2352 431 2415 in
454 2351 589 2417 formam
611 2353 798 2438 primariam
822 2353 975 2439 artsrp‘u,
999 2353 1157 2437 νίσσσμαι
1179 2352 1213 2417 in
1235 2375 1337 2422 νι-νσ-

233 2458 353 2544 jopen
374 2456 511 2524 reduxit.
555 2455 701 2537 Quorum
723 2453 785 2522 hoc
809 2477 883 2523 oum
903 2456 1121 2540 γί-γν-ο-μαι,
1146 2453 1263 2543 tex-a,
1287 2462 1337 2525 πί-

244 2582 338 2636 arr-a,
359 2559 498 2641 μί-μν-σι
520 2569 735 2645 comparatur,
758 2582 818 2625 nee
831 2581 892 2624 nos
906 2557 1060 2640 videmus,
1083 2558 1159 2644 quid
1174 2561 1221 2624 rei
1236 2561 1336 2639 obsit3

244 2663 373 2727 πτίσσω
403 2672 509 2726 autem
541 2664 718 2729 secundum
741 2661 935 2741 Osthoifium
963 2660 1082 2749 duplex
1108 2663 1236 2747 signum
1258 2673 1334 2730 tem-

243 2767 332 2850 poris
354 2766 533 2852 praesentis
556 2765 722 2851 proprium
743 2765 858 2844 habet,
885 2787 949 2852 qua
970 2765 1004 2828 in
1026 2787 1061 2829 re
1082 2764 1163 2830 nihil
1184 2768 1256 2831 miri
1277 2777 1337 2849 est,

244 2889 321 2930 nam
342 2866 398 2935 lat.
417 2867 525 2952 pinso,
552 2868 638 2953 quod
660 2867 745 2932 idem
768 2867 929 2952 significat
950 2876 984 2933 et
1006 2866 1149 2932 eiusdem
1171 2876 1220 2932 est
1242 2871 1337 2954 origi·

245 2977 312 3049 nis,
339 2969 475 3034 eandem
502 2971 726 3036 formationem
747 2969 889 3056 praebat.
934 2969 1059 3035 Tamen
1081 2970 1158 3035 mihi
1179 2970 1261 3037 haec
1282 2996 1336 3038 ex-

246 3072 375 3159 plicatio
406 3073 504 3137 dubia
533 3073 677 3155 videtur,
707 3074 783 3160 quia
810 3074 915 3139 forma
936 3074 1064 3138 atleta
1086 3095 1151 3139 non
1174 3073 1264 3139 deest
1285 3077 1337 3162 (of.

244 3175 372 3257 Aacoli,
395 3176 479 3262 studj
503 3177 604 3240 critici
627 3176 770 3263 11444).
814 3176 925 3242 Ascoli
946 3175 1074 3261 quidem
1098 3198 1139 3242 ex
1160 3177 1273 3262 regula
1295 3200 1337 3245 σσ

243 3280 292 3366 (ct
309 3279 375 3364 rr)
399 3301 439 3345 ex
462 3281 498 3367 σφ’
517 3287 596 3345 nata
618 3302 688 3345 esse
710 3289 810 3366 putat.
856 3279 920 3346 Sed
942 3301 1090 3345 censeam
1112 3281 1234 3366 potius,
1261 3284 1338 3368 quia

244 3404 308 3447 non
340 3381 507 3466 intellego,
537 3405 600 3469 quo
631 3382 731 3450 altero
761 3381 856 3450 modo
887 3381 968 3447 haec
996 3384 1132 3450 variatio
1159 3385 1336 3451 formarum

242 3487 347 3571 possit
376 3485 545 3572 explicari,
575 3485 734 3551 dentalem
761 3486 833 3573 (seu
862 3485 1071 3574 gutturalem)
1101 3488 1242 3554 subesse
1294 3510 1336 3556 σσ

244 3588 329 3652 enim
352 3609 393 3652 ex
415 3591 450 3675 ej
468 3600 580 3654 natum
602 3590 720 3655 mutari
741 3612 837 3676 posse
858 3592 893 3655 in
915 3613 966 3672 τι,
988 3599 1100 3654 contra
1115 3589 1280 3656 Ascolium
1296 3614 1336 3656 ex

244 3691 346 3778 ipsius
373 3694 532 3756 sententia
552 3692 649 3779 plane
671 3693 885 3779 denegamus,
912 3693 1083 3779 quiscum
1105 3714 1144 3758 eo
1166 3693 1336 3774 credimus,

243 3816 286 3863 σσ
307 3794 384 3858 illud
407 3816 448 3859 ex
469 3796 561 3876 dest,
579 3810 664 3882 pum,
687 3797 776 3884 (lob.)
798 3806 832 3874 4-
843 3798 869 3883 j
886 3807 991 3892 ortum
1006 3794 1048 3859 ab
1063 3817 1256 3882 unoquoque
1272 3796 1335 3863 alio

241 3918 285 3964 oo
306 3897 405 3963 fuisse
427 3897 597 3978 diversum,
619 3909 651 3964 et
671 3922 713 3965 ex
735 3900 797 3965 hac
818 3900 1005 3965 diversitate
1019 3900 1288 3986 permutationem
1302 3902 1335 3965 in

243 4025 284 4066 ττ
307 3999 502 4066 deducimus.
546 4002 644 4085 Quod
661 4001 769 4067 Ascoli
792 4001 879 4067 aliud
902 4004 971 4067 eius
992 4004 1120 4089 generis
1140 4002 1336 4088 exemplam:

241 4096 348 4169 λύσσα
370 4104 436 4190 (τι)
459 4129 477 4170 e
498 4107 596 4192 lucry’a
619 4105 712 4171 affert
733 4105 788 4189 (of.
813 4127 891 4170 sscr.
914 4113 970 4171 rai
983 4107 1144 4191 ,masol‘l
1166 4128 1207 4170 ex
1222 4106 1336 4172 eadem

241 4227 341 4271 causa
371 4207 464 4274 nobis
492 4209 589 4274 fidem
617 4233 681 4275 non
702 4208 787 4274 fecit.
832 4207 915 4274 Cum
936 4210 1036 4294 igitur
1057 4209 1137 4274 haec
1158 4212 1266 4275 omnia
1289 4212 1337 4274 in·

1102 4325 1119 4381 5
