3256 4822
690 274 901 342 ...79-

250 472 354 537 neque
370 449 512 515 Homero
535 449 660 529 desunt,
682 457 718 513 ut
740 445 892 531 ἠμάτιος,
912 448 1043 527 νότιος,
1058 438 1199 524 σκότιοςς
1216 468 1256 509 ex
1272 445 1342 510 aliis

253 553 463 641 scriptoribus
486 552 584 616 affero
607 545 781 638 ἁρμάτιος,
804 549 947 631 οὐάτιος,
969 542 1144 625 odelinae.

338 656 511 720 Praeterea
534 664 713 720 memoratu
735 654 868 739 dignum
889 653 1026 735 videtur,
1050 652 1135 738 quod
1157 659 1270 717 contra
1292 672 1341 715 re-

251 760 360 844 gulam
389 758 511 822 multae
538 779 664 844 quoque
693 758 901 822 formationes
922 755 1106 820 nominibus
1128 755 1263 818 actionis
1287 774 1342 838 ap·

249 863 389 949 plicatae
411 882 432 926 o
453 861 584 942 hubent,
606 861 661 925 ubi
684 882 725 926 or
749 870 972 947 exspectamus
994 859 1048 941 (cf.
1064 880 1095 943 p.
1113 858 1185 943 72);
1207 856 1342 941 δοκιμα-

251 967 316 1043 σία,
339 966 485 1048 ἐργασία,
501 966 683 1030 saeculata
699 962 870 1050 (Baunack
886 963 966 1027 stud.
983 961 1016 1025 X
1033 960 1108 1045 128)
1124 969 1181 1026 cet.
1197 961 1251 1044 (cf.
1266 955 1343 1024 dno·
1412 984 1418 995 *
1439 990 1445 1001 ι

249 1069 367 1150 procla
390 1067 472 1152 cet).

336 1169 444 1235 Unum
466 1178 575 1252 restat,
596 1171 682 1257 quod
706 1172 842 1235 fortasse
865 1168 926 1232 hoc
943 1170 982 1243 in
998 1167 1067 1233 loco
1082 1165 1264 1254 ponendum
1282 1174 1342 1248 est,

252 1269 357 1356 ὅσιος;
386 1274 443 1338 sed
466 1271 545 1337 nihil
568 1274 647 1338 certi
668 1274 707 1338 de
721 1271 981 1347 liuiusvocabuli
996 1272 1118 1355 origine
1133 1268 1342 1354 protulerunt.

252 1461 299 1524 11.
343 1458 470 1525 Acon
496 1442 991 1537 cucunianonioszs
1019 1455 1226 1522 eunoun
1250 1454 1341 1519 uon

689 1562 902 1630 EJIOITUR.

335 1682 388 1745 Ex
417 1705 470 1766 eo,
501 1683 587 1768 quod
615 1683 702 1770 apud
724 1683 872 1747 Lacones
902 1702 923 1747 o
951 1682 1022 1745 ed
1043 1689 1154 1745 natum
1177 1702 1340 1764 nunquam

251 1787 415 1867 exteritur,
437 1785 666 1852 concludamus
689 1810 820 1852 necesse
841 1795 900 1867 est,
916 1786 1055 1871 priorem
1073 1783 1244 1861 elisionem,
1259 1804 1343 1868 quae

254 1887 401 1951 omnibus
431 1889 577 1954 dialectis
599 1893 776 1954 communis
799 1901 863 1972 est,
886 1912 906 1951 a
928 1888 1105 1976 posteriore
1128 1885 1256 1950 dialecti
1278 1885 1342 1949 La-

253 1989 383 2053 conicae
404 1994 537 2078 propria
558 2003 701 2080 tempore
724 1995 900 2080 sejunctam
924 2012 1005 2059 esse.

337 2091 495 2180 Exempla
526 2095 654 2180 collegit
677 2096 804 2160 Ahrens
827 2094 873 2181 (II
900 2095 956 2159 66·
974 2096 1072 2180 sqq.);
1101 2093 1218 2179 quibus
1240 2115 1342 2178 nuper

251 2194 460 2262 Baunackius
489 2199 585 2283 (stud.
618 2198 652 2262 X
683 2200 759 2283 130)
791 2221 875 2263 nom.
899 2219 1007 2285 propr.
1032 2196 1226 2260 Arcadicum
1250 2193 1343 2280 Κάβ-

252 2319 346 2373 αισος
381 2322 398 2362 c
422 2293 623 2385 Κᾶβ-αιθος
653 2302 837 2367 addendum
861 2324 931 2366 esse
953 2301 1050 2383 vidit,
1073 2299 1341 2386 quemadmodum

252 2400 367 2466 Αἴσων
388 2424 429 2466 ex
452 2404 582 2470 Ardor.
923 2486 925 2495 Ι

334 2504 372 2568 ln
403 2506 539 2572 dialecto
570 2518 676 2573 autern
706 2507 870 2573 Laconica
893 2507 1068 2589 (Bezzenb.
1099 2506 1189 2571 beitr.
1220 2505 1234 2568 l
1269 2506 1343 2589 174)

248 2606 334 2669 Fick
358 2606 475 2692 χάσιος
505 2633 546 2674 ex
574 2611 702 2697 χαθιος
730 2612 918 2697 (cognatum
940 2611 1133 2677 Germanico
1153 2609 1263 2695 odda)
1286 2631 1340 2673 na-

248 2715 317 2773 tum
348 2733 419 2775 esse
449 2714 627 2796 contendit,
655 2715 742 2802 quod
765 2715 858 2780 nobis
880 2712 1082 2802 probabilius
1103 2714 1282 2792 videretur,
1315 2714 1342 2775 si

247 2813 395 2899 exempla
431 2816 583 2879 adessent
615 2818 731 2902 quibus
766 2818 1055 2900 demonstraretur,
1092 2838 1113 2881 o
1145 2817 1341 2879 Laconicum

248 2934 290 2976 ex
312 2918 344 2978 θ
372 2926 484 2980 natum
515 2940 610 3003 posse
638 2921 729 3000 elidi,
759 2943 834 2985 nam
858 2920 1041 3008 Hesychius
1066 2928 1194 3006 praeter
1223 2912 1341 3004 χάσιος

249 3015 384 3079 tradidit
403 3018 506 3101 χάϊος.
544 3020 607 3084 Sed
627 3045 667 3085 ne
683 3023 885 3108 Legerlotzio
900 3026 1030 3111 quidem
1045 3022 1098 3106 (K.
1115 3022 1149 3085 Z.
1167 3020 1249 3085 VIII
1264 3020 1341 3103 416)

250 3121 399 3184 assentiri
422 3142 603 3205 possumus,
625 3127 699 3209 qnia
721 3128 813 3192 nobis
837 3151 899 3193 non
924 3149 1112 3216 persuasum
1136 3132 1194 3206 est,
1217 3125 1250 3188 iu
1274 3123 1341 3187 dia·

222 3224 330 3287 .lecto
351 3222 472 3287 Dorica
495 3248 511 3287 e
531 3249 648 3311 χατιος
667 3224 783 3313 χάσιος
805 3234 905 3297 nasci,

247 3413 295 3478 12.
340 3410 382 3474 Σ
399 3412 459 3476 ΑΒ
482 3364 667 3480 onrcrun
689 3415 828 3482 runnu
850 3417 972 3483 nuos
996 3413 1204 3481 vooncns
1226 3413 1341 3480 rosi-

554 3515 649 3582 ron
671 3518 756 3584 nsr
780 3519 1032 3586 snuvrnun.

332 3635 425 3715 Quae
448 3635 498 3699 hic
519 3639 708 3704 tractandae
731 3646 807 3701 sunt
827 3639 950 3701 formae
972 3637 1066 3701 indic.
1083 3660 1143 3703 sec.
1159 3660 1241 3725 pers.
1257 3636 1341 3703 med.

246 3737 277 3799 in
307 3756 377 3800 -ocr
410 3747 588 3824 temporum
610 3742 854 3826 prImarIorum,
884 3763 926 3807 ex
948 3740 1118 3824 analogiae
1140 3742 1298 3829 principio
1322 3761 1343 3805 σ

246 3849 464 3919 servaverunt,
484 3843 571 3927 quod
588 3845 659 3930 jam
681 3866 781 3931 supra
803 3845 1020 3930 exposuimus,
1044 3865 1103 3907 nec
1123 3868 1187 3909 non
1203 3846 1340 3932 conjeci·

243 3963 316 4007 mus
338 3942 459 4007 formas
481 3946 663 4032 imperatiri
683 3958 715 4011 et
729 3949 973 4035 praeteritorum
988 3948 1022 4011 In
1038 3967 1091 4013 -oo
1107 3948 1341 4033 respondentes

243 4067 314 4109 esse
343 4042 525 4129 addendas,
553 4071 624 4114 cum
653 4051 693 4113 iis
721 4052 763 4114 ab
790 4051 882 4116 initio
912 4076 980 4131 so,
1006 4073 1071 4115 non
1097 4075 1168 4117 sva
1190 4053 1342 4117 suffixum

243 4168 314 4212 esse
336 4149 515 4216 credamus.

328 4250 503 4318 Praeterea
533 4220 652 4321 ubi'de
674 4255 793 4320 futuris
817 4237 946 4343 egimus
967 4257 1010 4344 (p.
1035 4257 1106 4344 66),
1132 4261 1200 4345 jam
1222 4258 1344 4323 indica·
