3256 4822
736 274 949 341 ..46-

379 445 488 511 Minus
519 444 629 532 ampla
657 447 718 512 erit
741 444 922 531 disquisitio
946 467 1055 512 eorum
1080 434 1326 530 vocabulorum,
1355 448 1389 512 in

294 549 412 637 quibus
444 548 528 614 oab
551 547 642 615 initio
664 547 747 614 inter
769 548 851 613 duas
874 550 1003 615 vocales
1024 544 1162 638 positum
1187 560 1274 630 erat3
1305 571 1389 637 quae

294 652 337 718 sd
370 650 564 739 explicanda
596 649 716 716 nullam
752 650 849 715 aliam
878 653 1036 718 rationem
1065 662 1187 719 rectum
1218 675 1389 743 possumus

295 754 429 838 ducere,
459 776 556 842 quam
586 774 669 840 quae
691 752 844 838 analogia
866 776 975 820 earum
998 755 1174 822 formarum
1196 756 1326 838 nititur,
1354 759 1388 823 in

294 858 410 946 quibus
444 878 465 924 σ
500 880 541 925 ex
572 856 700 942 legibus
732 854 912 945 phonetiois
947 868 1112 923 servatum
1146 869 1203 925 est.
1260 859 1388 926 (lentius

294 970 402 1027 sutem
425 984 466 1027 ex
488 968 600 1027 nostra
623 959 784 1024 sententia
798 981 896 1048 saepe
911 959 1107 1047 intelligitur,
1129 960 1217 1027 illam
1232 964 1387 1030 rationem

292 1063 475 1153 explicandi
495 1061 712 1132 adhibendam
728 1083 809 1145 esse,
829 1085 928 1150 quam
943 1073 1104 1151 procerte
1119 1064 1289 1151 detegitur,
1310 1087 1388 1154 quo·

292 1167 389 1233 modo
412 1168 547 1233 aliarum
569 1165 745 1233 formarum
767 1165 894 1253 pondus
916 1164 1140 1252 praevoluerit.

346 1358 374 1420 1.
419 1352 460 1418 Σ
475 1353 541 1419 EX
562 1351 946 1420 INDOGERMANIOO
968 1351 1046 1418 ΣΣ
1061 1352 1221 1419 NATUM
1243 1355 1338 1422 EST.

381 1473 455 1539 Hos
478 1494 499 1539 σ
519 1474 693 1556 invenitur,
715 1471 772 1538 ubi
795 1474 886 1560 stirpi
908 1468 1096 1558 sigmatioae
1119 1473 1270 1539 suffixum
1292 1496 1389 1562 pero

292 1577 449 1664 incipiens
471 1578 618 1645 additum
641 1585 709 1657 est3
739 1587 814 1642 suut
835 1576 934 1661 igitur
956 1577 1023 1642 fere
1045 1599 1111 1643 non
1132 1577 1195 1641 nisi
1217 1576 1318 1642 dativi
1338 1577 1389 1664 pl,

293 1702 353 1746 seo.
377 1703 535 1766 personae
558 1704 605 1767 eg.
626 1679 799 1746 verborum
821 1677 907 1746 εἶναι
927 1690 960 1746 et
982 1668 1103 1767 ἧσθαι,
1126 1679 1235 1745 futura
1256 1690 1288 1745 et
1306 1681 1386 1748 aori·

292 1784 334 1849 sti
354 1784 536 1869 verborum,
559 1807 696 1873 quorum
717 1784 833 1871 stirpes
854 1784 889 1848 in
905 1803 926 1849 σ
940 1783 1070 1860 cadunt,
1091 1784 1110 1851 i.
1126 1805 1152 1851 e.
1169 1783 1232 1848 hae
1247 1784 1387 1849 formae:

290 1887 383 1953 verbi
404 1884 487 1953 εἶναι
509 1911 571 1956 seo.
594 1909 678 1976 pers.
702 1908 748 1971 eg.
771 1885 835 1951 ind.
859 1908 963 1972 praes.
987 1889 1075 1966 toul,
1094 1888 1206 1974 imper.
1228 1909 1278 1976 ep.
1302 1888 1388 1967 ἔσσο,

377 1990 435 2059 fut.
464 1993 602 2077 ἔσσομαι
631 1990 694 2076 (σ),
728 1990 804 2079 ἔσσῃ
826 1989 875 2074 (σ)
898 1991 966 2055 sive
987 1992 1073 2055 ἔσσα
1094 1990 1156 2076 (σ),
1186 1993 1319 2057 ἔσσεται
1340 1990 1388 2079 (σ)

377 2102 453 2175 oet,
482 2117 531 2182 op.
562 2103 594 2159 et
624 2093 693 2160 dor.
716 2080 874 2177 ὲσσαῧμαι
895 2092 945 2178 (σ)
967 2101 1040 2172 oet,
1071 2093 1126 2158 inf.
1150 2094 1310 2160 ἔσσεσθαι
1331 2095 1389 2181 (σ),

378 2197 445 2264 dor.
469 2199 632 2277 ισσιῖθαι,
653 2198 681 2262 3.
703 2194 745 2284 pl.
767 2196 891 2283 imperf.
914 2187 1010 2276 ἦσαν,
1032 2197 1135 2262 ἔσσαν
1157 2195 1203 2282 (σ)

291 2300 384 2366 verbi
407 2295 521 2379 ἧσθαι
543 2298 625 2386 (rad.
647 2299 716 2384 ds):
744 2287 840 2380 ἧσαι,
866 2286 927 2376 ἧσο
949 2298 1076 2386 (imper.
1100 2308 1133 2364 et
1152 2299 1307 2386 imperi),
1328 2298 1388 2365 sut.

374 2397 617 2489 (καθ·)ήσομαι
639 2401 703 2488 (?);

294 2505 415 2571 formas
438 2507 629 2571 nonistorum
652 2514 685 2569 et
706 2503 886 2569 futurorum
909 2504 1066 2570 eiusmodi
1088 2526 1200 2570 omnes
1222 2502 1385 2570 attulimus

292 2610 359 2696 (pp.
372 2611 392 2674 9
405 2631 483 2697 sqq.‚
493 2611 535 2675 23
547 2608 639 2695 eqo),
650 2606 788 2695 exempli
796 2605 1004 2673 oausahooin
1015 2607 1085 2674 looo
1093 2607 1388 2696 paueasponimus:

376 2716 518 2795 nopdoom
540 2711 599 2797 (σ),
620 2711 853 2795 κσρέσσασθαι
867 2709 932 2796 (σ);
955 2712 1083 2777 ἐλάσσω
1098 2712 1153 2798 (σ),
1175 2711 1305 2790 ἥλασσα
1320 2706 1387 2797 (σ),·

375 2806 519 2903 ἐρύσσαι
540 2814 604 2900 (σ),
633 2814 766 2898 ἐρύσσαι
786 2812 856 2898 (σ),·
884 2812 1006 2891 ζόσσιιν
1027 2814 1093 2900 (σ),
1122 2814 1233 2893 ζέσσαι
1256 2814 1303 2900 (σ)
1326 2823 1383 2880 oet.

290 2917 439 3005 exempla
461 2916 641 2983 dativorum
665 2915 747 3002 plur.
771 2915 917 2981 nomino:

375 3020 485 3107 ὄρεσσι
506 3020 563 3105 (σ),
586 3021 726 3086 δέαασσι
747 3019 795 3105 (σ)
817 3020 839 3106 ).

376 3122 450 3204 Quo
473 3145 515 3187 ex
537 3131 710 3208 conspectu
732 3130 884 3209 apparet,
916 3133 991 3187 oet
1013 3142 1055 3188 σσ
1077 3122 1318 3200 hiealternari3
1352 3130 1384 3187 et

291 3227 377 3315 apud
401 3227 526 3290 Atticos
548 3226 677 3312 quidem
700 3245 721 3290 σ
741 3247 806 3290 non
829 3225 891 3290 nisi
913 3224 1048 3313 simplex
1070 3227 1240 3292 invenitur.

375 3329 468 3412 Quae
489 3337 657 3416 praeterea
678 3326 794 3392 suffixa
808 3328 984 3393 nominalis
996 3349 1018 3393 a
1033 3349 1054 3392 σ
1066 3329 1254 3415 incipientia
1269 3328 1382 3394 afferre

291 3453 472 3519 possumus,
493 3429 562 3495 fere
584 3430 693 3495 omnia
714 3437 790 3493 sunt
810 3431 948 3495 ineerta:

376 3534 409 3622 a)
431 3533 583 3599 suffixum
606 3531 735 3619 aliquod
759 3553 827 3598 ·oo
849 3533 937 3617 (fem.
962 3532 1047 3618 -σα)
1069 3532 1103 3597 in
1125 3530 1238 3617 lingua
1256 3532 1382 3598 Graeca

290 3661 385 3726 posse
409 3639 494 3726 poni,
517 3644 689 3724 propterea
709 3635 878 3701 verisimile
899 3644 958 3716 est,
980 3635 1066 3722 quod
1080 3633 1209 3720 liuguae
1225 3659 1302 3702 seor.
1318 3659 1382 3701 non

289 3741 379 3808 deest
400 3741 454 3827 (of.
477 3739 622 3805 Lindner
644 3738 664 3803 l.
686 3738 707 3805 l.
731 3764 760 3827 p.
784 3739 874 3824 110);
904 3760 988 3825 quae
1009 3737 1140 3825 quidem
1163 3739 1310 3824 exempla
1332 3760 1382 3803 re·

288 3846 473 3932 pariuntur,
501 3845 529 3907 si
558 3843 653 3909 modo
681 3842 860 3929 veriloquia
888 3841 986 3927 plana
1008 3850 1101 3923 sunt,
1134 3841 1381 3928 autpostariori

288 3947 424 4034 tempori
453 3946 605 4012 videntur
634 3945 840 4011 attribuenda
861 3952 919 4010 aut
940 3944 983 4010 sd
1004 3944 1126 4010 formas
1148 3942 1238 4008 verbi
1261 3944 1378 4028 sigma-

287 4051 378 4132 tioss,
400 4050 553 4115 aoristum
576 4057 609 4114 et
629 4049 780 4130 futurum,
800 4046 963 4113 inclinata.

373 4271 405 4343 ὓ)
422 4269 554 4341 Exempla
571 4269 704 4327 nonnulla
721 4289 754 4324 αα
770 4272 812 4342 (o)
829 4285 863 4326 ex
881 4270 926 4340 αα]
941 4269 993 4324 ant
1010 4275 1068 4335 σα)ε
1085 4268 1183 4323 natum
1200 4265 1311 4321 habent.
