3256 4822
502 800 506 807 ’
560 813 1056 933 Pasnmonnnns.

350 974 495 1040 Graecae
516 974 646 1058 linguae
668 975 721 1041 lex
742 976 807 1053 illa,
830 997 871 1039 ex
893 997 957 1061 qua
979 995 1000 1039 o
1020 973 1105 1038 inter
1127 975 1355 1041 vocales'elidi

264 1080 400 1161 scimus,
429 1077 596 1163 quondam·
619 1101 639 1142 a
659 1078 792 1142 Kuhnio
816 1079 871 1164 (K.
895 1077 931 1145 Ζ.
954 1076 987 1141 ΙΙ
1013 1075 1074 1142 135
1103 1078 1185 1164 sqq.)
1212 1087 1301 1143 tacta
1323 1089 1355 1144 et

264 1203 366 1267 nuper
388 1180 429 1245 ab
445 1178 605 1246 Osthoffio
628 1181 702 1266 (das
717 1179 851 1246 verbum
867 1181 900 1245 in
917 1180 974 1245 der
988 1180 1353 1267 nominalcomposition,

264 1306 378 1349 excurs
401 1285 481 1349 iiber
499 1285 712 1350 intervocales
728 1285 763 1368 o)
778 1285 961 1348 accuratius
978 1283 1148 1369 disquisita
1162 1294 1221 1366 est,
1243 1307 1354 1370 quam·
1429 1269 1431 1272 ,

263 1409 358 1474 quam
380 1389 413 1451 in
428 1390 614 1453 universum
629 1388 714 1452 inter
729 1410 839 1452 omnes
855 1390 934 1453 satis
948 1396 1075 1452 constat
1090 1386 1147 1472 (cf.
1162 1386 1354 1469 Schleicher,

262 1490 390 1578 Oomp.³
422 1492 502 1574 2143
534 1489 670 1565 ¹Curtius
704 1490 865 1560 Granda⁴
894 1490 989 1576 378),
1021 1500 1130 1555 tamen
1163 1489 1251 1555 haud
1285 1493 1353 1557 sine

261 1594 367 1659 fructu
389 1595 559 1659 retractari
581 1615 676 1682 posse
698 1594 777 1657 mihi
801 1593 945 1678 videtur,
967 1614 1041 1657 oum
1062 1603 1190 1681 propter
1211 1594 1352 1659 multitu·
1399 1664 1402 1669 ,

261 1695 367 1760 dinem
401 1697 639 1784 exemplorum,
669 1709 737 1762 tum
760 1700 836 1783 quia
857 1697 983 1762 illorum
1006 1696 1112 1760 studio
1135 1721 1203 1762 rem
1227 1698 1353 1764 adhoc

260 1807 386 1884 tempus
408 1823 473 1865 non
496 1811 574 1889 puto
591 1824 660 1866 esse
677 1812 860 1888 peractam:
883 1823 922 1864 ac
935 1798 1088 1863 Kuhnius
1103 1801 1234 1885 quidem
1248 1801 1350 1886 legem

260 1903 402 1966 nondum
437 1905 516 1968 satis
549 1906 729 1992 perspexit,
761 1902 940 1968 Osthoflius
973 1923 1115 1966 summas
1147 1905 1352 1988 quaestiones

259 2026 371 2088 presse
403 2008 572 2082 tractavit,
599 2006 752 2072 nonnulla
774 2005 935 2092 quaedam
956 2005 1075 2091 optime
1098 2009 1264 2092 exposuit,
1294 2007 1352 2071 sed

259 2108 336 2194 quia
357 2129 417 2171 nec
438 2109 559 2173 formas
582 2111 754 2194 congessit,
775 2133 816 2174 ex
835 2107 951 2196 quibus
966 2129 987 2173 o
1002 2107 1114 2172 elisum
1131 2130 1200 2172 esse
1215 2108 1352 2192 videtur,

227 2280 229 2287 χ
257 2233 318 2276 nec
341 2211 469 2298 singula
487 2211 645 2276 vocabula
660 2214 869 2295 examinavit,
892 2234 975 2299 quae
991 2232 1012 2276 o
1026 2211 1111 2275 inter
1126 2210 1207 2274 duas
1222 2212 1351 2277 vocales

259 2317 399 2402 positum
422 2315 591 2402 praebent,
612 2310 677 2380 non
700 2338 825 2380 omnem
850 2314 1083 2379 dubitationem
1108 2313 1245 2384 sustulit.
1284 2315 1351 2381 Nos

261 2420 361 2504 igitur
380 2421 414 2484 in
438 2441 509 2484 eam
531 2441 600 2483 rem
616 2419 756 2482 maxime
770 2417 1001 2499 incumbemus,
1025 2426 1061 2480 ut
1075 2439 1158 2503 quae
1173 2417 1225 2481 ille
1242 2420 1357 2499 omisit,

261 2523 463 2608 adjiciamus.
508 2524 615 2608 Atque
643 2524 676 2586 in
704 2520 811 2607 priore
832 2519 962 2605 quidem
984 2530 1076 2607 parte
1099 2543 1196 2607 quam
1217 2522 1356 2608 plurima

263 2624 412 2712 exempla
433 2625 576 2690 elisionis
597 2625 763 2690 cumulare
787 2623 1005 2707 studebimus3
1038 2646 1103 2711 qua
1124 2625 1158 2686 in
1180 2646 1215 2687 re
1239 2623 1355 2689 dialec-

261 2736 366 2792 torum
388 2728 510 2793 formas
532 2729 646 2794 afferre
670 2751 734 2794 non
757 2726 983 2812 neglegemus,
1013 2739 1047 2793 ut
1069 2748 1172 2813 paene
1194 2727 1355 2814 perfectus

262 2852 374 2895 earum
396 2853 574 2896 consensus
589 2841 754 2920 appareat,
777 2831 863 2895 unde
878 2831 1115 2911 concludamus,
1138 2829 1285 2913 sigmatis
1300 2830 1354 2894 eli-

262 2936 386 2998 sionem
409 2945 484 2998 antc
508 2944 675 3022 separatas
699 2934 843 3019 singulas
860 2933 1013 2998 dialectos
1028 2933 1148 2997 factam
1164 2954 1251 3016 esse3
1273 2955 1355 3019 quae

262 3038 348 3099 enim
371 3036 519 3123 exempla
540 3037 707 3102 contraria
730 3059 800 3101 esse
822 3036 985 3117 videntur,
1008 3056 1046 3100 ea
1069 3036 1178 3100 omnia
1199 3035 1356 3100 eiusmodi

262 3148 346 3221 suut,
369 3148 405 3202 ut
426 3160 447 3205 σ
470 3150 544 3204 ante
567 3163 584 3203 e
605 3140 716 3224 regula
739 3138 850 3204 elisum
866 3161 907 3202 ex
922 3138 1073 3224 analogia
1089 3139 1225 3203 aliarum
1238 3161 1354 3204 vocum

260 3240 366 3307 denuo
388 3243 544 3308 insertum
567 3265 638 3308 esse
659 3244 818 3332 suspicari
838 3242 941 3307 liceat.

346 3345 453 3410 Partis
481 3345 597 3411 deinde
618 3348 806 3434 posterioris
829 3347 890 3411 erit
911 3345 1016 3430 legem
1037 3345 1132 3410 certis
1153 3342 1269 3407 finibus
1292 3344 1352 3407 cir·

260 3448 490 3531 cumscribere3
513 3449 728 3516 tractantibus
744 3452 829 3514 enim
843 3448 937 3515 nobis
952 3470 992 3512 ea
1005 3447 1172 3529 vocabula,
1188 3449 1221 3511 in
1236 3446 1353 3532 quibus

198 3592 201 3598 ·
259 3572 280 3616 o
306 3552 389 3615 inter
419 3552 501 3616 duas
523 3552 653 3618 vocales
675 3555 815 3640 positum
839 3561 1021 3638 spectatur,
1046 3549 1199 3630 elucebit,
1227 3551 1261 3613 in
1284 3558 1353 3614 tota

260 3651 321 3716 hac
349 3655 420 3738 lege
448 3677 513 3719 non
535 3655 598 3719 nisi
621 3655 660 3719 de
683 3677 704 3721 o
726 3655 861 3742 simplici
884 3655 1060 3739 originario
1084 3654 1137 3739 agi
1160 3652 1202 3738 (si
1224 3652 1354 3737 quidem

259 3754 424 3822 elisionem'
453 3760 598 3843 sigmatis
628 3758 860 3845 posterioribus
890 3757 1088 3842 temporibus
1118 3755 1204 3840 apud
1227 3753 1352 3819 Dorum

258 3861 374 3946 stirpes
404 3861 523 3925 factam
552 3861 785 3949 excludimus),
808 3876 880 3926 'non
911 3860 952 3926 de
981 3860 1044 3924 alio
1066 3858 1153 3945 quod
1176 3859 1352 3945 posteriore

259 3963 489 4029 assimilatione
524 3974 635 4029 natum
669 3974 725 4029 est.
778 3965 832 4028 Ad
864 3965 951 4050 quod
984 3962 1212 4051 perficiendum
1245 3962 1353 4026 omnia

257 4087 379 4150 genera
408 4068 666 4147 assimilationis,
687 4069 811 4152 'quibus
842 4075 990 4132 oortum
1013 4074 1080 4147 est,
1109 4073 1258 4130 accurate
1280 4086 1350 4150 per-

257 4171 478 4253 tractabimus,
501 4172 585 4236 inter
606 4170 670 4234 alia
692 4172 790 4235 etiam
813 4179 1013 4258 quaerentes,
1035 4167 1113 4253 quid
1136 4169 1176 4234 de
1198 4188 1220 4233 σ
1241 4189 1315 4230 cum
1323 4171 1352 4250 j,

257 4294 328 4336 cum
352 4280 375 4337 f
398 4275 583 4340 consociato
605 4273 729 4338 factum
751 4275 799 4339 sit.

1118 4374 1158 4427 lit

626 4474 862 4595 estest
998 4568 1014 4589 r
