3256 4822
688 289 898 355 ..47-

333 455 457 547 γαυσός
487 463 555 528 sive
584 460 706 548 γαῦσος
735 463 896 546 ,‚eurvus“
924 467 1098 545 cognatum
1119 460 1248 524 videtur
1269 480 1342 524 cum

247 564 356 653 γνιός,
387 571 465 650 γυῖα
494 575 552 630 cet.
575 564 619 651 (V
621 587 672 631 an.
701 567 779 647 2303
814 565 1029 653 Hippocrates
1058 562 1120 628 hoc
1149 561 1342 628 vocabulum

248 669 287 733 de
309 678 426 753 μηροῖς
449 668 631 756 usurpavit)
655 675 687 732 et
708 690 781 734 cum
801 663 925 754 γαυλός
946 688 1026 749 „vas
1041 664 1242 745 rutundum“‚
1263 663 1342 749 ymi-

247 774 303 848 λος
324 772 436 855 „navis
457 771 624 838 rotunda“.
663 770 715 835 De
736 771 841 836 forms
862 770 1016 857 primaria
1039 779 1146 836 autem
1169 768 1249 836 nihil
1263 769 1342 833 certi

247 876 361 941 afferre
383 897 523 962 possum.
639 896 641 900 ·

332 977 468 1043 Praeter
495 979 593 1054 πίσος
619 999 743 1062 „genus
772 975 991 1062 leguminum“
1019 973 1210 1063 (Aristoph.)
1243 975 1341 1038 etiam

246 1082 373 1160 πίσσος,
396 1073 501 1161 πισός,
524 1081 633 1164 πίσον,
654 1083 777 1147 πίσσον
798 1079 964 1165 leguntnr3
995 1080 1186 1168 quibuscum
1202 1099 1286 1165 quae
1300 1099 1342 1142 ex

247 1185 362 1250 ceteris
383 1183 500 1268 linguis
517 1183 790 1269 Indogermanicis
805 1192 1046 1271 comparantur:
1068 1181 1122 1249 lat.
1133 1187 1249 1268 pisum,
1266 1182 1342 1267 pais·
1421 1230 1424 1235 .
1537 1274 1545 1281 „

246 1289 314 1369 sio,
344 1286 423 1356 slav.
440 1294 566 1374 pu-eno
588 1286 789 1375 ,,οἶλφιτον“,
813 1288 971 1374 psa-enim
993 1285 1173 1368 „triticum“
1195 1305 1341 1370 quaeque

246 1390 405 1456 vocabula
437 1388 554 1454 similia
582 1389 695 1474 lingua
723 1389 851 1455 Graeca
879 1389 952 1477 ipsa
981 1387 1133 1475 praebet:
1165 1389 1342 1467 πτίσανον,

246 1490 413 1576 πτισάνη,
443 1494 588 1576 artuum,
617 1515 682 1558 uon
710 1493 774 1557 levi
796 1515 895 1579 opera
917 1494 951 1557 in
973 1514 1070 1557 unam
1093 1493 1223 1578 stirpem
1247 1490 1340 1555 redu-

246 1605 370 1663 cuntur.
415 1596 481 1662 Sed
503 1618 576 1661 cum
599 1597 640 1661 de
661 1595 781 1662 radicis
803 1597 909 1661 forma
924 1595 980 1682 pis
1002 1595 1058 1659 vix
1079 1594 1182 1681 possit
1201 1592 1342 1658 dubitari

246 1699 301 1781 (ef.
325 1721 401 1764 sser.
419 1699 475 1785 pis
497 1707 635 1779 „terere,
657 1699 826 1787 pinsere“),
846 1699 943 1775 alenc
965 1698 1043 1785 (σσ),
1064 1699 1165 1764 πέσον
1187 1696 1254 1783 (ss)
1277 1697 1340 1761 for-

245 1810 333 1866 tasse
356 1825 397 1866 ex
418 1801 474 1866 illa
495 1824 554 1889 per
576 1802 785 1867 suffixum-no
808 1801 956 1867 derivata
978 1810 1060 1869 sunt.
1097 1799 1248 1866 Osthcffii
1267 1821 1341 1864 con·

242 1905 406 1990 jacturam
436 1904 538 1989 (verb.
561 1905 595 1970 in
619 1904 676 1969 der
698 1903 945 1993 numinalcomp.
967 1903 1062 1991 339),
1090 1926 1245 1990 praesens
1267 1924 1341 1967 eum

247 2004 352 2105 usuali
381 2005 553 2070 formatum
584 2030 625 2071 ex
655 2008 758 2072 forma
786 2011 924 2092 narsujw
955 2009 1116 2072 exstitisse
1146 2006 1210 2094 (vd.
1233 2006 1342 2091 infra),

245 2117 417 2194 propterea
448 2108 490 2173 ad
513 2107 594 2174 haec
617 2109 820 2175 substantiva
842 2133 907 2176 non
929 2111 1170 2192 transferimus,
1199 2111 1277 2197 quia
1300 2131 1340 2173 ex

244 2230 358 2277 πινσο
387 2212 449 2276 nisi
477 2212 587 2293 fallor,
619 2215 699 2279 πῖσο
728 2215 817 2278 nasci
846 2236 978 2279 neeesse
1008 2224 1056 2278 est
1085 2214 1139 2302 (cf.
1169 2207 1271 2287 πόλις
1300 2235 1340 2276 ex

242 2308 374 2389 stila-rc
398 2324 429 2380 et
450 2326 618 2403 praeterea
640 2314 714 2382 εἵσω
736 2339 779 2382 ex
800 2319 903 2404 ἐνσω).

329 2417 420 2482 uiua·
443 2409 608 2504 πότιστρα
629 2417 741 2506 (schol.
766 2419 807 2485 ad
830 2420 922 2490 Pind.
945 2419 1055 2487 Isthm.
1072 2419 1118 2484 VI
1137 2419 1222 2505 108).
1259 2417 1339 2482 Nes·
1442 2462 1446 2489 ι.

243 2520 293 2586 cio
315 2542 393 2586 num
415 2543 433 2586 e
454 2518 597 2604 πισ-τός,
619 2524 758 2612 πίσ-τρα
779 2523 899 2592 radicis
922 2527 1058 2592 formam
1076 2545 1137 2591 πισ
1150 2524 1250 2588 fuisse
1264 2543 1338 2586 cen·

149 2627 150 2630 ’
244 2622 373 2689 cludere
399 2623 511 2707 liceat3
544 2625 631 2712 quod
655 2627 682 2692 si
704 2626 862 2710 creditur,
891 2629 975 2695 πίσα
997 2628 1134 2693 fortasse
1156 2649 1197 2692 ex
1220 2644 1339 2690 πισ-σα

244 2737 348 2790 ortum
379 2737 435 2792 est.
481 2726 563 2794 Cum
595 2730 708 2796 eodem
736 2730 836 2796 verbu
865 2741 953 2798 πιεῖν
982 2732 1221 2818 conjunguntur
1244 2727 1339 2792 Πῖσα

243 2838 275 2892 et
289 2822 329 2894 τὸ
345 2837 441 2904 πῖσος
456 2840 618 2918 „pratum“
630 2833 726 2918 (Van.
739 2835 826 2920 452),
839 2856 923 2920 quae
937 2834 1097 2900 vocabula
1112 2833 1249 2898 fortasse
1264 2852 1339 2895 cen-

239 2931 408 3016 jungenda
442 2942 516 2997 sunt
547 2957 619 2998 cum
651 2959 726 3003 sacr.
752 2944 853 3024 pluas
882 2938 1060 3025 ‚‚pinguis“‚
1090 2938 1215 3004 Graeco
1246 2935 1339 3012 πίων,

244 3033 291 3097 ita
318 3042 353 3097 ut
382 3035 505 3101 formae
535 3040 707 3124 primariae
735 3044 873 3124 ulf-oa,
903 3044 1039 3117 sslf-uos
1067 3042 1193 3106 fuerint.
1245 3038 1339 3121 Quae

245 3137 440 3223 etymologia
468 3141 510 3203 ad
540 3134 701 3208 nunonem
731 3130 802 3208 non
825 3145 931 3209 minus
958 3153 1036 3233 apta
1064 3144 1152 3229 est*)
1175 3165 1235 3209 nec
1257 3142 1338 3206 alias

244 3239 363 3306 formas
382 3241 429 3306 sie
452 3243 590 3310 existere
612 3246 755 3332 petuisse
777 3246 882 3314 credo.

330 3343 453 3421 καῦσος
475 3346 618 3425 „ferv0r“
641 3348 683 3413 ad
706 3366 773 3417 aar.
797 3361 828 3415 et
844 3346 902 3416 fut.
918 3351 1039 3416 formas
1054 3350 1251 3439 applicatum
1266 3368 1338 3411 esse

243 3458 415 3533 propterea
437 3470 560 3531 censeo,
583 3453 660 3538 quia
680 3454 860 3541 complures
883 3454 1006 3519 formae
1020 3456 1184 3521 neminum
1202 3475 1222 3517 a
1237 3472 1335 3517 καυσ-

244 3550 434 3638 incipientes
456 3560 602 3635 exstant,
632 3554 674 3619 sd
696 3578 777 3642 quas
800 3568 856 3622 aut
878 3557 1055 3644 compluria
1079 3557 1196 3624 suffixa
1218 3557 1334 3640 sigma-

243 3655 309 3743 tica
330 3654 487 3720 sumenda
510 3667 593 3737 sunt,
615 3667 671 3723 aut
685 3661 862 3746 putandum
880 3669 935 3740 est,
959 3660 1044 3747 quod
1060 3660 1186 3726 facilius
1201 3657 1336 3736 videtur,

243 3778 355 3823 omnes
385 3757 427 3822 ad
457 3758 577 3824 formas
607 3761 697 3827 verbi
729 3763 916 3847 sigmaticas
943 3785 1014 3827 esse
1041 3762 1227 3849 adjunctam
1261 3769 1336 3826 sunt

242 3872 370 3949 praeter
391 3860 470 3927 illud
492 3864 624 3929 καύσων
645 3872 679 3929 et
700 3866 870 3941 καασαλίς.
914 3866 948 3931 si
970 3860 1104 3930 καύσων
1122 3867 1222 3951 (idam
1239 3866 1336 3950 sigui·

241 3964 316 4030 licat
346 3986 386 4028 ac
414 3963 550 4052 καῦσος)
578 3969 668 4054 prius
698 3977 804 4034 ortum
834 3978 884 4033 est
912 3991 1009 4055 quam
1040 3966 1162 4045 καῦσος
1191 3969 1258 4055 (cui
1288 3970 1335 4033 rei

242 4068 343 4151 obest,
365 4068 451 4154 quod
473 4067 535 4135 hoc
557 4071 644 4157 apud
664 4071 829 4159 Hippasu,
851 4073 985 4138 Aristet
1008 4071 1180 4154 invenitur,
1200 4071 1280 4137 illud
1301 4072 1335 4136 in

244 4212 457 4227 *—

328 4291 358 4362 l)
375 4298 452 4347 ulam
468 4292 503 4347 de
519 4293 575 4350 selo
592 4294 693 4350 dicitur
709 4296 740 4351 in
750 4295 837 4351 Iliade
848 4302 892 4368 (M
900 4295 960 4352 283.
983 4301 1009 4350 Ψ
1019 4294 1071 4351 832
1088 4295 1207 4367 saepius)
1217 4298 1247 4351 et
1258 4293 1334 4351 alias.
