3256 4822
679 282 892 347 ..45-

247 452 429 519 censuimus
449 451 569 518 radicis
589 451 727 517 formam
748 452 810 516 dua
831 451 945 532 fuisse,
967 455 1077 539 magni
1097 452 1248 542 ponderis
1270 461 1335 536 est3

181 554 186 559 ’
245 557 273 620 si
303 556 389 620 enim
420 577 462 621 ex
488 556 602 621 ὃεὸασε
622 554 743 620 facturn
765 564 836 620 erat
856 554 964 637 δέδαε,
993 578 1051 621 cur
1071 579 1137 622 non
1158 555 1335 638 credamus,

241 659 379 725 formam
413 658 578 734 dedcoforc
606 657 709 723 altera
738 679 812 723 cum
843 656 905 722 hoc
932 659 1108 725 indicativo
1139 665 1335 744 congruente

240 756 362 837 δεδαώς
384 771 624 846 compensatam
646 781 727 826 esse.

327 863 408 929 Post
428 863 510 928 haec
526 862 659 950 juvabit
680 882 941 943 commemorare,
963 883 984 929 σ
1005 865 1045 929 iis
1067 864 1231 950 neglectis,
1253 884 1335 951 quae

240 969 347 1031 minus
370 974 458 1032 certa
481 975 564 1048 sunt,
586 988 628 1030 ex
649 965 721 1053 plus
743 966 978 1052 quinquaginta
997 966 1158 1032 vocalium
1180 967 1331 1053 conJ'unc-

240 1068 383 1134 tionibus
405 1069 542 1134 diversie
564 1069 743 1137 evanuisse.

517 1383 675 1468 anas
702 1381 1063 1468 Posvnmon.

421 1577 470 1679 Σ
508 1578 954 1688 SERVATUM
989 1576 1154 1684 EST.

328 1786 367 1851 In
390 1786 513 1872 majore
535 1784 650 1850 harum
673 1784 931 1870 disquisitionem
953 1783 1112 1872 particula
1130 1783 1172 1848 de
1185 1785 1226 1849 iis
1240 1805 1332 1849 voca·

242 1889 327 1956 bulis
349 1888 510 1974 agendum
535 1889 604 1969 erit,
625 1908 762 1974 quorum
784 1905 805 1950 σ
826 1908 891 1951 non
914 1887 1068 1975 simplicis
1090 1887 1242 1976 spirantis
1266 1908 1335 1974 spe-

244 1993 326 2056 ciem
348 2012 464 2077 gerens
485 1990 630 2075 elingua
645 1988 953 2073 Indogcrmanorum
968 1991 1002 2055 in
1018 1989 1162 2074 linguam
1177 1988 1335 2056 Graecam

243 2095 379 2160 transiit.
417 2092 482 2158 Ubi
502 2094 603 2177 igitur
624 2112 645 2157 σ
667 2113 708 2156 ex
730 2092 800 2157 aliis
822 2093 972 2161 consonis
991 2104 1103 2158 natum
1117 2115 1182 2158 non
1197 2092 1335 2175 eliditur,

243 2197 296 2262 lex
325 2204 453 2278 nostra,
483 2195 655 2262 dummodo
684 2195 867 2261 accuratius
890 2196 932 2260 sit
953 2195 1099 2279 definita,
1129 2196 1250 2263 violata
1271 2218 1336 2261 non

246 2308 302 2368 est.
347 2297 562 2365 Nihilominus
584 2298 795 2386 perscrutatio
818 2301 960 2364 omnium
983 2299 1226 2381 vocabulorum,
1253 2321 1337 2386 quae

246 2405 280 2468 in
303 2402 417 2488 lingua
432 2401 569 2486 Graeca,
591 2402 696 2488 qualis
718 2401 812 2467 nobis
833 2402 954 2467 tradita
975 2412 1032 2479 est,
1054 2402 1190 2491 simplex
1212 2422 1233 2471 o
1253 2403 1338 2468 inter

244 2507 373 2573 vocales
396 2508 535 2594 positum
558 2505 731 2592 praebent,
751 2507 936 2571 necessaria
957 2507 1093 2589 videtur,
1115 2507 1207 2590 origo
1230 2507 1338 2572 unius-

246 2610 401 2696 cuiusque
422 2609 569 2694 sigmatie
591 2616 628 2673 ut
649 2608 854 2696 percipiatur.
891 2608 957 2675 Sed
979 2610 1057 2675 mihi
1078 2609 1164 2674 illico
1183 2609 1336 2676 confiten-

246 2712 323 2779 dum
345 2720 411 2795 ast,
433 2720 534 2777 totam
556 2712 776 2797 quaestionem
799 2711 860 2778 bac
880 2712 1097 2800 disputatione
1119 2736 1184 2779 non
1205 2735 1336 2801 prorsus

245 2816 289 2882 ad
321 2815 478 2902 liquidum
511 2836 606 2902 posse
638 2815 778 2900 perduoi.
831 2814 927 2898 Quod
959 2838 1024 2881 non
1054 2817 1143 2901 prius
1172 2815 1336 2896 efficietur,

247 2941 345 3006 quam
368 2917 581 3005 etymologiae
603 2917 739 2983 studiosi
760 2919 868 2984 omnia
890 2919 1046 2984 eiusmodi
1066 2919 1224 2985 vocabula
1238 2918 1337 3006 expli-

247 3022 410 3102 caverint,
437 3020 523 3106 quod
554 3041 635 3107 opus
656 3044 721 3087 non
743 3022 839 3087 unius
860 3023 922 3086 viri
944 3043 1019 3099 nec,
1051 3022 1084 3089 ni
1106 3021 1212 3104 fallor,
1243 3022 1337 3087 unius

250 3135 300 3192 est
330 3124 456 3191 aetatis.
507 3122 622 3209 Itaque
655 3146 888 3213 saepenumero
917 3123 996 3190 mihi
1023 3135 1101 3211 puto
1133 3124 1338 3206 satisfecisse,

246 3229 302 3294 ubi
323 3229 595 3304 demonstravero,
618 3226 679 3293 boc
699 3227 752 3295 vel
773 3227 852 3292 illud
874 3226 1054 3311 oelingua
1067 3227 1338 3314 Indogermanica
1373 3232 1376 3235 ’

245 3354 310 3398 non
333 3331 487 3397 traditum
507 3352 593 3413 esse,
622 3340 693 3410 aut,
722 3331 751 3396 si
772 3331 828 3418 qui
849 3330 912 3398 hoc
933 3331 1173 3412 contenderint,
1195 3332 1337 3397 nondum

246 3436 326 3500 satis
355 3434 617 3521 comprobatum,
646 3456 743 3521 saepe
773 3437 868 3500 ctiam
896 3433 976 3501 nihil
1006 3434 1094 3500 aliud
1122 3435 1335 3520 proficiemus,

247 3560 344 3625 quam
377 3545 413 3603 ut
442 3537 523 3602 alias
554 3535 759 3605 difficultates
790 3538 995 3614 definiamus,
1028 3538 1109 3602 alias
1138 3536 1337 3620 detegamus.

247 3642 401 3707 Fortasse
428 3638 528 3726 aliqui
549 3639 768 3721 mirabuntur,
796 3641 883 3727 quod
904 3651 970 3707 tam
993 3661 1090 3727 saepe
1111 3640 1151 3706 de
1174 3660 1195 3704 o
1217 3637 1336 3726 duplici

247 3744 390 3828 agimus,
411 3765 484 3808 cum
507 3742 582 3808 huic
603 3744 865 3810 assimilationem
887 3743 1028 3830 aliquam
1050 3743 1182 3808 subesse
1203 3751 1337 3811 constet

247 3846 348 3912 Ocius
369 3846 416 3912 rei
438 3850 603 3914 excusatio
625 3848 659 3913 in
681 3870 720 3913 eo
742 3849 849 3934 posita
870 3857 927 3929 est,
950 3846 1037 3933 quod
1058 3866 1100 3912 oo
1119 3845 1281 3912 interdum
1296 3868 1338 3913 ex

247 3953 282 4027 σφ’
308 3951 354 4036 (et
383 3950 442 4035 of)
471 3961 581 4016 natum
612 3973 684 4016 esse
713 3950 870 4029 creditum
903 3949 997 4015 nobis
1023 3951 1107 4015 enirn
1130 3948 1190 4015 hoc
1210 3949 1339 4015 videtur

247 4053 380 4119 dubium
403 4074 484 4134 esse,
505 4055 583 4138 quia
604 4056 639 4138 ej
659 4062 726 4119 tam
748 4075 846 4142 saepe
868 4052 981 4118 elisum
1003 4063 1052 4119 est
1073 4054 1121 4138 (et
1134 4055 1279 4140 quaestio
1295 4055 1336 4119 dc

247 4163 292 4222 of
313 4177 378 4222 non
401 4157 480 4222 satis
503 4167 552 4222 cst
573 4156 772 4243 explanata),
793 4158 841 4222 ita
862 4164 898 4221 ut
919 4156 1203 4243 perscrutationem
1223 4156 1337 4223 horum

247 4280 373 4347 quoque
395 4260 615 4349 exemplorum
636 4281 704 4327 non
725 4280 999 4348 supervacaneam
1020 4259 1184 4327 ducamus.
