3256 4822
765 243 976 309 ..30„.

322 412 428 478 vimus
458 435 517 479 nos
548 413 632 499 (cum
656 411 817 481 Osthoffio
844 413 863 481 l.
891 413 910 479 l.
940 437 971 501 p.
994 414 1057 480 327
1087 416 1148 502 sq.)
1172 436 1298 483 omnem
1322 414 1417 479 aliam

323 516 570 603 explicationem
592 516 787 582 aoristorum
808 516 978 583 verborum
1003 519 1036 583 in
1058 517 1187 584 vocales
1202 518 1416 582 excidentium

323 618 531 684 refellendam
564 641 635 684 esse
668 641 816 702 censere,
849 641 889 683 ac
921 642 1004 707 quae
1037 620 1189 705 analogia
1221 623 1293 686 nisa
1323 629 1417 687 esset.

323 723 432 809 Atque
447 722 624 791 Osthoffius
647 732 740 810 putat
761 725 900 808 primum
923 744 944 791 σ
965 732 1068 790 totum
1089 726 1268 806 evanuisse,
1291 721 1418 804 deinde,

325 827 472 913 quamvis
496 848 597 914 parvo
620 827 773 912 temporis
796 828 900 913 spatio
923 826 1156 908 intercedente,
1182 848 1203 893 σ
1226 850 1266 892 ex
1290 828 1418 892 aurietis

324 929 474 1015 stirpium
497 930 531 993 in
550 950 709 994 consonas
724 929 917 1010 cadentium,
939 940 974 995 ut
988 928 1128 1015 ἔπραξα,
1151 933 1284 1018 ἔτερψα,
1306 931 1418 996 ἔπεισα

324 1031 434 1096 verbis
462 1031 629 1097 vocalibus
658 1032 841 1097 restitutum
864 1055 951 1111 esse3
981 1032 1143 1119 quemad
1166 1033 1358 1099 sententiam
1381 1053 1418 1096 eo

324 1134 527 1222 potissimum
558 1134 717 1201 adductus
748 1145 811 1214 cst,
844 1136 931 1222 quod
961 1135 1145 1220 analogiam
1170 1136 1204 1200 in
1235 1136 1418 1220 linguarum

325 1240 519 1305 formatione
543 1261 607 1304 non
629 1247 873 1303 conservantem
893 1260 964 1304 esse
978 1247 1097 1320 censet,
1119 1239 1175 1304 sed
1190 1241 1418 1304 restituentem.

235 1341 242 1355 ¹
326 1342 507 1407 Causarum
539 1362 616 1405 vero
646 1341 763 1427 quibus
791 1350 961 1427 praeterea
989 1341 1051 1406 hcc
1081 1341 1187 1406 studet
1212 1341 1341 1420 fulcire,
1371 1350 1420 1405 est

326 1447 445 1531 prima,
471 1443 556 1531 quod
584 1444 720 1509 acristos
747 1443 790 1508 ab
814 1444 978 1531 Hesycbio
1004 1444 1097 1530 quasi
1120 1442 1250 1531 Cypriis
1271 1445 1419 1533 proprios

325 1549 462 1614 traditos
484 1549 614 1630 ἔναιον,
636 1544 794 1633 ὶμίτραὸα
815 1547 960 1612 residuos
983 1570 1053 1613 esse
1076 1548 1178 1612 credit
1199 1571 1240 1611 cx
1263 1547 1317 1613 illo
1339 1555 1418 1611 tem-

325 1672 411 1732 pore,
433 1672 496 1737 quo
518 1648 619 1715 *ava
641 1659 700 1716 cet.
717 1649 834 1715 Graeci
857 1648 956 1715 locuti
976 1652 1047 1715 sint.
1084 1650 1150 1715 Sed
1165 1649 1246 1714 haec
1261 1651 1420 1715 sententia

326 1754 532 1837 redarguitur
554 1775 601 1832 ec,
624 1754 711 1840 quod
732 1753 818 1818 tituli
833 1753 944 1841 Cyprii
967 1753 1125 1818 eiusmodi
1144 1753 1280 1818 acristos
1296 1774 1421 1839 semper

326 1882 384 1946 per
419 1879 440 1923 σ
476 1858 631 1923 formatos
663 1856 821 1941 praebent
852 1857 906 1941 (cf.
941 1855 1304 1940 Deecke·Siegismund
1337 1855 1420 1922 stud.

328 1962 392 2028 VII
407 1961 467 2026 221
487 1982 554 2046 sqq.
570 1961 666 2026 inser.
681 1958 715 2023 ΙΙ
731 1969 763 2024 et
778 1959 858 2024 VII:
880 1963 1066 2040 κατέστασε,
1087 1958 1156 2022 111:
1178 1956 1288 2042 λῦσαι,
1309 1953 1419 2045 doceb

327 2086 424 2151 quam
456 2062 666 2128 differentiam
696 2063 859 2126 titulorum
882 2071 914 2127 et
934 2063 1029 2126 lexici
1051 2058 1267 2148 Hesychiani,
1297 2062 1371 2126 huic
1394 2062 1421 2125 si

327 2166 407 2232 fides
437 2173 503 2247 est,
533 2164 579 2229 ita
605 2163 842 2250 explanandam
870 2187 942 2229 esse
970 2187 1152 2243 censemus,
1181 2175 1217 2229 ut
1243 2164 1421 2243 credamus,

329 2269 415 2356 apud
437 2268 576 2355 Cyprios
606 2266 693 2332 baud
723 2268 815 2333 aliter
843 2279 938 2355 atque
968 2268 1055 2355 apud
1077 2267 1352 2335 Lacedaemonios
1373 2268 1419 2347 (et

328 2371 439 2454 Eleos)
470 2391 491 2435 σ
517 2370 656 2455 primum
687 2380 848 2436 servatum
871 2382 944 2460 post
966 2372 998 2434 in
1022 2373 1170 2458 spiritum
1192 2390 1339 2454 asperum
1361 2369 1419 2432 im·

328 2483 487 2539 mutatum
517 2494 596 2539 esse.
639 2472 692 2537 De
721 2473 850 2539 aoristis
876 2483 983 2540 antem
1006 2469 1193 2556 ἀλευάμην,
1222 2470 1421 2549 δατέασθαι,

328 2580 426 2661 ἔκηα,
455 2578 587 2647 ἔσσευα,
609 2577 719 2661 ἔχευα,
740 2599 821 2664 quos
844 2577 1020 2644 Osthoffius
1042 2576 1205 2663 quondam
1227 2595 1248 2639 σ
1269 2571 1422 2636 habuisse

329 2686 453 2757 censet,
477 2678 548 2764 jam
578 2699 676 2764 supra
705 2683 930 2767 exposuimus,
959 2703 1019 2747 nos
1046 2680 1233 2765 Bragmano
1263 2679 1422 2759 assentiri,

329 2783 421 2846 cuius
444 2781 623 2862 sententia,
650 2783 712 2847 nisi
738 2783 849 2865 fallor,
877 2808 914 2850 eo
942 2786 1144 2872 potissimum
1171 2782 1420 2858 commendatur,

330 2882 415 2971 quod
449 2904 560 2947 omnes
593 2885 749 2951 eiusmodi
781 2887 904 2953 formae
935 2910 1001 2953 una
1030 2898 1126 2974 atque
1155 2887 1270 2952 eadem
1299 2892 1422 2952 ratione

331 2985 498 3072 explanari
528 2998 671 3072 possunt.
714 2988 782 3053 Nec
810 2991 984 3056 verisimile
1012 3001 1078 3075 est,
1107 3001 1142 3055 ut
1169 2993 1266 3056 etiam
1294 2988 1424 3054 Curtius

329 3089 396 3173 (vb.
418 3087 452 3153 Π
475 3088 551 3174 279)
580 3088 678 3172 dixit,
706 3111 727 3155 σ
757 3115 797 3157 ex
827 3092 876 3158 his
902 3094 1015 3179 paucis
1035 3095 1143 3159 verbis
1166 3094 1318 3158 amissum
1341 3091 1424 3173 (sive

330 3194 371 3255 iis
393 3214 457 3256 non
479 3193 675 3277 restitutum)
698 3215 778 3278 esse,
801 3217 874 3260 cum
897 3198 976 3261 haec
999 3197 1181 3265 differentia
1202 3218 1266 3260 non
1289 3216 1306 3257 e
1328 3212 1424 3277 pecu·

329 3295 403 3360 liari
432 3293 622 3359 formatione
651 3296 765 3361 horum
792 3299 965 3364 verborum
994 3321 1146 3363 emanare
1168 3296 1321 3382 potuerit,
1348 3293 1424 3376 quia
1491 3291 1494 3297 ’

330 3397 432 3464 verba
454 3402 633 3461 structurae
654 3411 813 3483 cognatae
828 3424 848 3467 σ
862 3402 1027 3490 praebent,
1049 3400 1253 3477 attulerunt,
1274 3396 1424 3461 ἔπλευσα.

333 3503 410 3568 Sive
436 3501 536 3584 igitur
558 3498 675 3585 aliquis
696 3502 883 3588 Brugmano
906 3507 1095 3583 assentitur,
1126 3503 1194 3565 sive
1217 3500 1281 3565 alia
1303 3497 1427 3563 ma'vult

332 3609 424 3694 [nam
447 3624 507 3668 nec
528 3624 612 3688 quae
635 3602 1050 3694 Curtius(Verb.11286)
1074 3607 1113 3671 de
1135 3603 1186 3668 his
1209 3604 1337 3669 aoristis
1360 3602 1426 3689 opi·

332 3720 429 3776 natus
451 3716 510 3787 est,
532 3703 575 3768 ab
598 3705 755 3775 Osthcffio
778 3711 918 3776 refutata
940 3715 1035 3792 suntl,
1060 3729 1164 3795 neque
1186 3729 1229 3772 cx
1250 3707 1300 3773 his
1322 3726 1427 3792 neque

333 3837 374 3880 ex
405 3833 469 3876 aor.
500 3797 667 3893 ἐπριάμην
696 3813 749 3897 (cf.
778 3837 877 3903 supra
905 3836 960 3902 pg.
990 3813 1047 3898 43)
1076 3834 1134 3900 pro
1164 3820 1252 3876 certe
1279 3807 1427 3875 concludi

332 3925 452 4006 potest,
479 3932 500 3978 σ
530 3910 722 3980 curiatorum
752 3917 925 4005 aliquando
953 3937 1055 4002 usque
1085 3937 1123 3980 eo
1152 3914 1321 3979 reductum
1348 3931 1427 3988 esse,

334 4034 368 4089 ut
395 4014 507 4084 coristi
529 4013 667 4097 sigmate
690 4030 836 4087 carentes
859 4028 985 4085 exstare
1009 4026 1148 4105 possent.
1193 4015 1359 4082 Postremo
1380 4034 1428 4076 re·

333 4126 444 4203 giduas
467 4150 538 4194 esse
559 4134 602 4178 ex
623 4116 676 4184 illo
699 4132 852 4209 tempore,
874 4145 937 4210 quo
958 4121 1123 4188 oaoristis
1139 4119 1285 4201 defuerit,
1307 4117 1429 4181 formas

334 4229 486 4301 Eleorum
516 4215 704 4313 ποήόισσαι,
735 4220 884 4307 ποήόιεαι
912 4222 1090 4293 Ostbcffiua
1118 4232 1238 4289 censet.
1283 4217 1431 4301 Quodsi
