3256 4822
738 253 951 318 „70-

300 422 404 508 gulari
430 426 525 491 modo
547 432 687 493 tractata
708 425 772 511 est)
794 433 919 490 mutata
941 423 1165 509 cognoscimus
1188 424 1222 488 in
1245 422 1392 488 omnibus

115 523 117 526 ’
210 602 213 607 ⁴
300 526 447 591 dialectis
469 526 608 607 Jonic'is,
637 529 672 592 in
695 526 831 592 dialecto
854 525 1070 611 Lesbieca*),
1093 522 1256 591 Arcadica
1278 527 1392 614 Cypri-

219 620 230 669 5
299 651 401 714 caque
430 629 483 715 (cf.
506 629 668 697 Schrader
698 629 781 695 stud.
804 629 838 693 X
859 627 947 714 264).
991 628 1091 695 Cuius
1122 629 1308 694 mutationis
1338 652 1392 694 ex-

300 733 406 818 empla
434 735 492 797 vix
522 734 628 800 afferri
655 742 793 821 possunt
813 742 942 819 praeter
963 742 1035 803 tert.
1057 754 1141 819 pers.
1162 733 1205 820 pl.
1228 742 1262 796 ut
1284 737 1393 818 ἔχουσι

298 836 368 920 (att.
391 837 496 921 -ionl,
518 833 693 922 κρύπτοισι
715 836 840 923 (aeut),
862 826 1032 902 κελεύωνσι
1054 837 1159 923 (arc),
1181 837 1289 916 ἔξασι,
1312 838 1394 905 toea

300 940 424 1026 (cypr).
470 938 570 1005 Ouius
592 941 720 1026 generis
742 947 870 1027 praeter
892 960 948 1020 ea,
976 960 1059 1025 quae
1082 960 1181 1026 supra
1203 939 1246 1024 (p.
1269 939 1311 1005 55
1333 938 1393 1023 sq.)

258 1113 261 1126 Ι
299 1044 528 1125 tractavimus,
559 1051 773 1129 propagatum
796 1041 910 1106 afferre
934 1063 1065 1128 possum
1088 1034 1285 1126 πυγούσιος,
1307 1039 1395 1127 quod

300 1143 342 1209 ad
371 1144 597 1231 explicandum
620 1143 660 1211 G.
683 1143 796 1230 Meyer
819 1145 873 1223 (Κ.
896 1143 933 1207 Ζ.
957 1143 1058 1210 XXll
1080 1145 1158 1233 492)
1181 1146 1313 1230 stirpem
1335 1168 1394 1210 uv-

298 1269 395 1331 yorc·
425 1248 562 1333 sumpsit
590 1246 644 1332 (cs.
672 1246 709 1313 L.
736 1247 851 1333 Meyer
872 1246 906 1311 11
928 1247 1015 1332 442).
1059 1247 1184 1314 Contra
1213 1269 1311 1312 unam
1340 1269 1394 1311 ex·

299 1351 478 1437 ceptionem
501 1349 650 1415 omuibus
672 1349 817 1414 dialectis
840 1370 1040 1415 communem
1063 1351 1180 1416 affero:
1204 1346 1300 1429 ἀνείς
1330 1349 1409 1440 for-¹

299 1462 387 1518 tasse
409 1451 491 1518 haec
512 1461 647 1518 accentu
669 1452 783 1518 effecta
805 1463 861 1532 est,
883 1474 957 1518 nam
981 1452 1107 1519 videtur
1128 1454 1188 1521 hoc
1204 1454 1394 1521 vocabulum

300 1554 478 1621 seeundum
507 1577 586 1622 secr.
617 1558 689 1621 auti
715 1579 755 1620 ex
785 1555 896 1640 lingua
926 1555 1197 1641 Indogermanica
1218 1566 1394 1643 acceptum.

387 1657 533 1724 Alterum
562 1679 665 1743 genus
693 1659 789 1724 buius
818 1660 1004 1726 mutationis
1035 1659 1068 1724 id
1098 1671 1164 1740 est,
1195 1661 1253 1727 ubi
1275 1660 1395 1726 vocalis

300 1771 375 1826 ante
401 1787 440 1841 Ιτι
470 1763 577 1849 posita
605 1772 691 1841 erat3
723 1764 757 1827 in
787 1785 849 1849 quo
881 1784 946 1828 non
972 1764 1078 1828 minus
1101 1761 1229 1828 dialecti
1251 1762 1395 1842 Jonicae,

298 1864 471 1946 Lesbiaca,
493 1864 655 1931 Arcadica
677 1860 883 1951 (τριακόσιοι,
896 1867 935 1932 cf.
952 1865 1112 1931 Schrader
1133 1865 1153 1930 l.
1168 1864 1190 1935 l.
1205 1866 1282 1951 277)
1299 1874 1340 1950 et,
1362 1867 1396 1929 ni

299 1968 409 2049 fallor,
433 1967 576 2055 prm‘ea
598 1969 802 2036 conveniunt.
846 1969 898 2032 De
920 1969 982 2033 hac
1004 1978 1041 2035 ut
1061 1970 1199 2054 primum
1221 1991 1327 2056 pauca
1348 1968 1394 2034 di·

297 2093 424 2151 camus,
448 2094 531 2136 nom.
554 2094 661 2159 propr.
681 2067 865 2152 Ὀνάσιλος,
883 2069 1125 2155 ’ονασίιῑοικας,
1146 2071 1396 2156 Στασιῐοίκων,

298 2172 540 2260 Στασικράτης
554 2182 614 2239 cet.
629 2173 737 2240 afferri
751 2181 888 2258 possunt
904 2173 957 2253 (cf.
973 2175 1199 2261 inscriptiones
1214 2196 1235 2239 a
1249 2174 1395 2240 Deecke-

300 2276 508 2359 Siegismund
536 2276 669 2343 collatas
699 2277 782 2341 stud.
807 2275 958 2342 vt1234
988 2279 1085 2365 sqq.);
1120 2301 1203 2365 quae
1226 2287 1395 2366 praeterea

298 2387 443 2445 exstant:
471 2379 641 2463 βασιλεύς,
663 2381 877 2465 κασίγνητος,
900 2377 1034 2456 ἀνόσιος
1056 2392 1198 2446 autnon
1222 2382 1301 2446 satis
1323 2402 1392 2466 per·

300 2482 412 2567 spicue
442 2492 516 2546 sunt
545 2491 601 2546 aut
630 2504 672 2546 ex
701 2480 772 2546 aliis
805 2479 950 2547 dialectis
980 2492 1115 2571 accepta
1142 2505 1213 2550 esse
1235 2485 1393 2548 videntur.

299 2584 451 2670 Denique
479 2584 513 2649 id
544 2594 725 2650 memoratu
747 2583 968 2668 dignumst,
997 2587 1099 2672 quod,
1127 2609 1200 2652 cum
1221 2587 1255 2651 in
1280 2588 1395 2653 ceteris

299 2685 445 2752 dialectis
467 2710 532 2755 non
554 2688 588 2751 in
610 2707 631 2753 σ
651 2688 842 2754 commutari
862 2686 1012 2754 videatur
1033 2692 1096 2755 nisi
1116 2689 1240 2771 cillud‚
1260 2691 1313 2753 cui
1329 2711 1393 2754 ree·

299 2790 426 2877 pendet,
445 2790 553 2875 indog.
581 2804 608 2871 t,
635 2790 670 2856 in
699 2790 836 2855 dialecto
859 2789 1002 2878 Cyprios
1031 2794 1129 2857 etiam
1159 2816 1179 2856 τ
1211 2801 1322 2857 natum
1353 2816 1394 2858 ex
1487 2815 1491 2821 ’

297 2892 406 2978 indog.
428 2895 451 2959 le
471 2896 506 2960 in
526 2914 549 2959 σ
568 2896 771 2960 immutatum
794 2904 859 2975 est,
881 2896 972 2960 cuius
996 2897 1179 2960 mutationis
1202 2918 1302 2960 unum
1325 2898 1393 2984 qui·

299 2996 372 3063 dem
395 2999 576 3085 exemplum
599 3000 650 3074 σίς
672 2997 750 3084 (tab.
771 2997 875 3087 luat),
897 2999 932 3062 σι’
945 2997 1106 3085 (Hesychz
1130 3006 1161 3064 ol
1182 2999 1270 3082 βάλε·
1286 3001 1320 3064 τί
1335 3001 1393 3064 dd

298 3101 363 3176 λας
389 3095 545 3189 Κύπριοι)
567 3110 697 3187 praesto
720 3100 841 3188 est**).

385 3200 544 3289 Exempla
565 3201 660 3270 huius
682 3204 763 3289 legis
786 3213 877 3270 sunt:

384 3307 417 3391 a)
441 3306 569 3390 singula
590 3306 766 3392 quaedam:

382 3406 497 3489 alacer,
519 3407 586 3474 dor.
608 3411 726 3475 Ηκατι
747 3410 839 3495 (aser.
861 3410 964 3496 αιζααιι,
986 3411 1039 3477 lat
1062 3412 1184 3499 υιῄἰιιιι)

383 3630 412 3702 e)
430 3631 496 3686 Post
518 3654 534 3684 ν
552 3631 649 3686 Boeoti
671 3652 686 3684 τ
710 3646 856 3685 consonam
880 3632 910 3685 in
933 3636 956 3687 θ
980 3635 1167 3702 commutant,
1193 3635 1267 3703 quod
1288 3636 1393 3698 umen,

297 3717 327 3770 ni
345 3718 438 3786 fallor,
460 3718 634 3774 antecedenti
652 3740 682 3777 ν,
710 3734 765 3772 non
783 3719 910 3787 sequenti
930 3741 939 3770 ι
958 3719 1090 3787 debetur,
1115 3737 1178 3774 cum
1197 3722 1248 3775 hoc
1267 3722 1289 3772 θ
1307 3720 1393 3774 etiam

298 3806 363 3859 ante
380 3826 408 3870 o,
427 3826 464 3873 ω,
482 3828 513 3858 αι
530 3805 689 3861 inveniatur
708 3807 753 3875 (ct
768 3805 923 3860 Beermann
940 3806 1011 3860 stud.
1027 3805 1141 3877 1x62);
1162 3810 1306 3876 praeterea
1324 3808 1392 3861 haec

296 3892 454 3948 assimilatio
476 3893 650 3963 progressiva
671 3892 841 3962 temporibus
865 3893 953 3947 multo
975 3893 1169 3964 posterioribus
1187 3894 1297 3948 videtur
1314 3894 1392 3946 attri-

294 3978 412 4039 buenda.
432 3996 496 4033 cum
513 3985 581 4036 ἐντί,
603 3980 790 4051 ἀπεγράψατο
808 3979 899 4033 adhuc
916 3980 946 4033 in
965 3979 1189 4050 inscriptionibus
1208 3982 1345 4050 legantur.

382 4066 432 4136 ”l
451 4066 526 4131 Quae
550 4066 586 4121 ab
610 4067 700 4121 altera
723 4069 803 4134 parte
826 4069 917 4121 stant:
945 4067 1136 4137 Tapoxu'pefor
1153 4067 1195 4136 (D.
1214 4067 1241 4121 S.
1259 4085 1286 4120 n.
1309 4065 1391 4131 Vlll),

294 4149 444 4219 Ἐχιτιμαν
462 4152 504 4221 (Ι).
522 4154 549 4208 S.
567 4153 618 4220 IX)
635 4152 753 4207 fumasse
769 4155 916 4223 propterea
934 4170 989 4208 non
1005 4154 1154 4208 immutata
1171 4155 1246 4219 sunt,
1263 4153 1330 4223 quia
1346 4170 1392 4208 vo·

297 4236 364 4293 calis
384 4259 393 4289 ι
410 4237 440 4291 in
457 4239 490 4292 iis
507 4241 643 4309 producta
652 4241 820 4311 usurpatur.
