3256 4822
726 279 940 345 -44...

289 449 383 530 bont,
411 451 459 515 ita
488 458 524 514 ut
548 449 623 536 jure
645 450 833 537 spirantiej
854 450 937 531 (eive
958 447 1080 514 vocalis
1103 448 1152 525 tP)
1176 469 1197 514 u
1219 450 1381 535 sequentis

290 552 410 619 nullam
432 553 590 617 rationem
612 552 645 617 in
667 552 730 618 hac
751 553 941 639 quaestione
962 548 1150 617 habeamus.

375 654 551 720 Difficilius
574 665 624 720 eet
646 654 688 719 ad
711 655 979 740 cognoscendum,
1004 664 1111 719 utrum
1133 675 1154 719 o
1173 655 1323 720 extritum
1339 655 1382 717 eit

291 768 366 824 ente
380 764 404 824 f
418 767 452 836 ÷
466 780 529 826 voc.
552 779 662 824 necne.
699 758 753 823 Ab
775 758 847 824 aliie
870 757 1025 844 exemplis
1045 757 1279 844 sejungendum
1295 756 1381 823 vide-

289 872 342 926 tur
371 860 514 941 ἄυπνος,
541 863 633 926 cuiue
663 862 799 927 formam
829 860 1016 946 primariam
1048 860 1225 926 secundum
1254 860 1381 945 linguae

290 964 489 1052 propinquae
518 964 666 1049 ponimus
689 958 919 1043 cirson-uon,
954 984 1038 1049 quae
1060 972 1170 1053 tamen
1191 965 1296 1029 forma
1316 966 1380 1050 pri-

290 1088 377 1130 mum
399 1086 458 1151 per
481 1066 731 1131 contractionem
751 1069 784 1131 in
806 1063 996 1143 otorano-3
1017 1076 1067 1132 eet
1088 1069 1275 1148 immutata,
1297 1067 1382 1131 unde

290 1170 420 1244 ἄυπνος
441 1168 621 1253 proiectum
643 1178 700 1234 eet
744 1169 868 1235 Contra
888 1180 997 1235 cetera
1018 1170 1179 1258 exempla,
1201 1192 1244 1234 ex
1266 1169 1382 1256 quibua

289 1273 400 1338 literae
415 1271 606 1356 conjunctae
621 1297 685 1339 noc.
700 1281 734 1350 -t-
746 1279 792 1338 of
802 1282 836 1351 †
847 1297 910 1341 uec.
925 1273 1071 1357 sigmatie
1086 1275 1251 1339 elisionem
1266 1295 1382 1361 pausae

290 1397 361 1439 esee
391 1373 559 1455 videntur,
589 1374 734 1440 vocalem
764 1384 838 1463 poet
867 1382 890 1440 f
919 1377 1057 1462 positam
1086 1398 1150 1441 non
1179 1377 1382 1442 immutatam

291 1477 462 1563 praebent,
485 1485 528 1540 ¹ut
554 1476 595 1541 de
624 1479 844 1544 contractione
864 1477 919 1543 illa
941 1479 1078 1564 cogitari
1100 1502 1165 1546 non
1185 1482 1296 1565 poenit
1339 1480 1383 1543 Et

291 1603 376 1646 nunc
397 1579 527 1665 quidem
549 1603 590 1646 ea
610 1581 758 1669 exempla
781 1582 1051 1666 enumerabimus,
1073 1582 1114 1647 de
1133 1582 1250 1669 quibus
1267 1584 1382 1667 egitur,

292 1707 359 1749 rem
381 1684 414 1747 in
437 1691 529 1770 parte
550 1682 645 1749 huiue
668 1686 946 1750 commentationis
969 1687 1146 1771 posteriore
1167 1688 1383 1767 retractaturi,

290 1788 345 1853 ubi
375 1786 416 1851 de
444 1788 484 1852 iia
505 1786 672 1853 vocabulis
694 1786 838 1852 eiusdem
859 1789 987 1873 generis
1010 1787 1217 1872 dieseremue,
1248 1810 1382 1875 quorum

290 1912 311 1956 o
341 1913 407 1955 non
430 1890 543 1954 elieum
566 1887 700 1955 videtur.
745 1890 852 1972 Quam
875 1893 1149 1957 enumerationem
1171 1893 1219 1956 ita
1239 1891 1314 1956 licet
1333 1894 1381 1955 in·

291 1995 441 2070 stituere,
470 2001 507 2057 ut
534 1991 694 2057 vocalium
724 1996 998 2081 conjunctionem,
1027 1997 1060 2060 in
1091 2016 1156 2081 qua
1178 1994 1384 2080 quondamo

289 2098 466 2184 legebatur,
487 2096 741 2182 praemittamus,
763 2119 828 2184 qua
842 2098 876 2164 in
891 2099 1057 2165 retincula
1072 2105 1113 2181 (-)
1127 2098 1233 2163 locum
1247 2097 1380 2173 indicet,

290 2223 386 2288 quem
407 2224 428 2268 o
449 2200 569 2266 tenuit:

377 2309 461 2369 afr:
483 2301 613 2380 renuet
634 2311 692 2367 eet.
707 2301 751 2385 (p.
770 2301 824 2379 183
847 2302 888 2367 cs.
904 2307 1049 2389 ἑερμὲνυς
1064 2325 1095 2388 p.
1110 2303 1175 2389 20).
1212 2304 1384 2391 Adjectiva

289 2417 325 2471 ut
347 2399 484 2485 αἰπήιις,
505 2399 623 2482 θυήεις
643 2405 863 2488 congessimus
885 2429 915 2492 p.
938 2407 979 2471 27
1004 2429 1048 2493 eq.

376 2514 469 2578 a-fez
490 2502 666 2581 ἀ-έδνωτυς
688 2508 731 2594 (p.
757 2507 811 2592 19)

376 2619 468 2677 effa:
491 2604 649 2676 ἑοὶυὸυνου
671 2620 703 2675 et
725 2631 807 2696 quae
830 2610 970 2676 eiusdem
994 2620 1069 2675 eunt
1090 2610 1209 2676 radicis
1230 2633 1260 2696 p.
1286 2612 1335 2675 18.

375 2719 471 2779 o-fa:
492 2712 555 2798 ὄαρ
576 2714 622 2798 (p.
641 2714 676 2798 8)

378 2823 473 2882 mse:
495 2815 558 2900 ἄορ
578 2818 614 2903 (p
649 2816 718 2903 19),
748 2808 874 2901 ἀγαυός
897 2819 941 2903 (p.
963 2818 1017 2903 23)

377 2927 465 2986 r-fo:
485 2914 538 2994 ῖός
559 2918 721 3003 „eagitta“
743 2920 788 3005 (p.
809 2919 844 3003 5)

375 3030 470 3090 e·fu:
493 3020 613 3106 εἴωθα,
639 3016 773 3087 εἰώθειν
793 3022 837 3107 (ρ.
862 3024 932 3108 18),
953 3017 1114 3100 κεκυτηώς
1135 3020 1181 3107 (p.
1203 3021 1274 3106 29),
1296 3043 1383 3086 κενο-

291 3123 375 3214 pecie
397 3126 552 3207 (Leukiou
577 3125 659 3189 stud.
681 3124 715 3188 ll
740 3126 823 3209 111).
1117 3154 1119 3159 ·

375 3235 478 3294 α-Ιωε
501 3222 620 3303 δεδαώς
643 3229 686 3316 (p.
711 3227 775 3314 15).

375 3332 429 3397 Ex
458 3329 508 3395 hie
538 3353 578 3395 ea
603 3330 762 3396 vocabula
789 3350 1014 3414 segregamus,
1044 3349 1127 3414 quae
1149 3328 1229 3393 nihil
1251 3328 1294 3393 ad
1317 3327 1379 3392 die·

290 3437 494 3524 quinitionem
514 3434 639 3513 volent,
670 3443 745 3498 eunt
765 3435 869 3519 primo
890 3433 961 3500 loco
975 3432 1050 3517 ὄαρ,
1070 3432 1143 3516 ἄορ,
1166 3423 1301 3516 ἀγαυός,
1323 3423 1382 3512 ἰός,

290 3542 368 3627 quia
397 3562 463 3605 non
492 3538 572 3602 satie
600 3558 791 3623 pereuoeum
819 3536 991 3615 hebemus,
1020 3556 1104 3621 quae
1126 3556 1236 3599 eorum
1259 3536 1382 3603 formae

291 3646 421 3708 nativae
443 3643 577 3722 suerint,
607 3640 723 3707 deinde
744 3639 873 3718 εἴθιζου
895 3648 927 3704 et
948 3640 1144 3726 propinqua,
1166 3639 1291 3714 εἴωθα,
1313 3633 1379 3703 εἰώ-

280 3747 386 3826 θειν,
415 3741 594 3826 meretoc,
623 3738 785 3810 ἑάνδαυον
806 3754 839 3809 et
859 3744 1056 3829 propinqua,
1083 3742 1160 3827 quia
1180 3741 1318 3807 fortaeee
1339 3762 1380 3805 ex

291 3870 402 3914 eorum
430 3848 542 3913 formio
571 3848 714 3935 praefixo
745 3869 809 3912 non
837 3846 1009 3911 exstructis
1030 3844 1117 3931 (dieo
1138 3845 1323 3932 praesentia
1347 3854 1382 3909 ut

291 3950 395 4029 ἐθίζω
415 3962 484 4032 oet,
504 3972 621 4016 nomen
643 3951 737 4018 ἕδνον
752 3953 823 4036 cet.)
839 3970 860 4015 u
878 3948 1001 4013 initiale
1016 3948 1158 4029 evanuit,
1177 3959 1214 4013 ut
1227 3948 1380 4034 temporie

291 4052 432 4139 quodam
455 4054 559 4140 epatio
580 4075 638 4139 per
660 4060 685 4119 f
705 4055 901 4141 inciperent,
923 4061 956 4116 et
977 4053 1054 4136 quia
1075 4052 1213 4117 fortaeee
1234 4061 1302 4116 tum
1324 4050 1378 4115 de-

290 4179 378 4223 mum
399 4156 544 4243 praefixa
565 4157 794 4243 (augmentum,
816 4155 949 4243 etpriv.)
973 4154 1084 4220 addita
1106 4165 1189 4234 eunt,
1212 4164 1247 4219 ut
1261 4153 1380 4240 injuria

290 4262 332 4327 de
353 4283 375 4328 σ
396 4260 474 4327 elien
495 4259 673 4345 loquamur.
716 4259 884 4325 Postremo
907 4280 966 4324 nec
988 4253 1117 4341 δεδαώς,
1141 4259 1167 4323 si
1182 4257 1278 4322 modo
1293 4267 1380 4321 recte
