3256 4822
12 156 15 236 l

12 434 14 507 l

13 522 18 559 i
53 548 59 552 .

13 576 18 625 l

12 630 21 705 i

13 708 17 741 ι

702 261 892 326 ..9η

255 434 396 521 fauceo“,
425 427 541 520 χάσμη
570 433 760 517 „oecitatio“
789 442 822 499 et
846 431 923 499 inde
949 431 1130 499 derivatum
1149 424 1348 516 χασμάσμαι

255 540 400 623 ‚,oecito“
440 559 475 602 re
504 557 584 601 vera
616 555 638 602 σ
669 536 845 624 praebent3
866 535 983 603 deinde
1003 536 1037 601 in
1058 531 1193 600 vocibus
1211 527 1345 618 χάννος,

252 636 361 727 xoium
383 637 553 724 „biatula“
573 638 686 726 (piccio
708 638 841 727 quidam
862 640 925 729 est)
946 638 1033 704 etin
1052 628 1143 724 χήμη
1157 636 1347 718 ‚,osoitatio“

257 743 357 829 (idem
394 751 445 809 eet
472 764 589 808 nomen
619 743 760 811 conchae
791 742 972 828 cuiusdam)
1002 741 1140 806 fortasse
1167 759 1188 805 σ
1224 738 1347 803 aecimi-

255 846 375 913 latione
405 867 462 910 seu
494 848 754 935 compensatione
782 868 801 913 e
826 845 948 913 venuit
993 844 1078 910 Van.
1101 841 1166 909 236
1191 862 1237 928 eq.
1280 840 1345 905 De·

258 949 355 1036 nique
377 948 471 1017 nobie
492 971 557 1015 non
578 949 766 1017 incredibile
787 949 924 1032 videtur,
946 945 1104 1014 vocabula
1116 939 1208 1031 χάος,
1228 942 1346 1029 χάσμα

256 1061 315 1118 oet.
349 1074 369 1119 a
401 1050 500 1119 verbo
530 1053 636 1139 χαίνω
672 1063 705 1118 et
737 1077 758 1120 a
790 1053 924 1121 vocibus
954 1048 1095 1137 χαῦνος,
1129 1037 1266 1133 χαύλιος
1298 1066 1346 1110 ee·

256 1153 403 1240 peranda
436 1164 468 1218 et
503 1177 576 1223 cum
609 1157 719 1224 radice
750 1178 840 1223 secra
868 1156 949 1242 plor
980 1150 1181 1234 „devoram
1214 1148 1346 1234 conjun-

255 1258 362 1341 genda
384 1279 462 1325 eece.

340 1388 397 1475 30)
418 1386 529 1452 Verba
552 1381 649 1473 κρυός
669 1389 815 1477 ‚,frigne⁴‘,
836 1387 959 1473 κρῦμός
980 1385 1099 1467 „algon
1122 1383 1227 1470 gelu“,
1249 1401 1343 1467 κρυσ-

255 1490 357 1557 ταίνω
368 1489 517 1575 ‚‚gelare“
528 1484 732 1582 κρύσταλλος
743 1490 991 1577 „glacies“reote
1003 1485 1260 1572 aOurtio((irz.⁴
1270 1486 1346 1568 156)

259 1594 300 1659 ad
323 1615 421 1658 unam
444 1594 584 1659 radicem
608 1604 764 1680 congesta
786 1604 868 1660 eunt.
901 1593 942 1658 In
955 1591 1122 1659 vocabulis
1143 1589 1273 1677 quidem
1287 1588 1347 1653 lin·

255 1719 392 1783 guarum
422 1698 676 1784 propinquarum
707 1719 728 1764 σ
756 1720 823 1764 non
851 1697 1013 1763 invenitur
1042 1694 1096 1780 (cf.
1126 1715 1202 1759 secr.
1232 1693 1345 1757 locro·

255 1799 383 1881 „durum
405 1801 563 1880 eauciue“,
584 1800 639 1868 lat
656 1803 784 1883 medon,
797 1800 939 1868 crudelia.
968 1799 1110 1883 (Oresta,
1126 1796 1211 1885 quod
1226 1795 1347 1861 ibidem

257 1902 399 1986 additur,
421 1913 554 1990 propter
575 1903 763 1984 productum
785 1902 946 1990 syllabam
967 1903 1106 1988 priorem
1120 1901 1258 1966 fortasse
1273 1919 1346 1963 cum

257 2004 386 2071 Graeco
416 2001 521 2089 κρούω
552 2005 812 2094 conjungendum
842 2014 892 2070 eet
921 2004 962 2069 de
989 2025 1053 2090 quo
1074 2003 1161 2069 infra
1183 2001 1346 2087 dicemur).

258 2108 369 2177 Radix
384 2107 512 2174 Graeca
532 2130 604 2174 oum
620 2109 714 2176 litera
729 2108 975 2175 determinative
990 2128 1087 2193 quam
1102 2107 1213 2173 dicunt
1226 2126 1346 2171 novam

258 2213 422 2278 notionem
445 2213 578 2299 accepit.
621 2212 786 2294 Eradicie
800 2214 906 2280 forma
920 2231 1002 2295 κρυσ
1016 2210 1110 2277 facile
1126 2231 1236 2277 omnes
1250 2228 1347 2275 voces

163 2345 166 2352 ·
255 2315 371 2381 deduci
393 2323 545 2401 poscunt:
568 2310 779 2402 κρύσταλλος,
802 2318 988 2403 roveretum
1009 2315 1052 2381 ad
1075 2317 1207 2403 stirpem
1222 2333 1346 2400 κρυσ-

257 2425 494 2505 ro-epectant
516 2419 550 2485 in
572 2419 673 2486 verbo
698 2413 823 2507 κρῦμός
846 2419 1004 2507 producta
1018 2419 1134 2484 vocula
1153 2440 1228 2483 vex
1243 2417 1347 2483 forma

256 2521 420 2609 primitiva
448 2542 593 2606 κρυσμος
622 2523 819 2611 explicatur,
840 2532 874 2588 ot
893 2517 1007 2609 κρυός,
1029 2522 1116 2608 quod
1138 2520 1189 2587 hie
1211 2520 1346 2588 vocibus

254 2624 515 2711 conjungendum
536 2625 674 2708 videtur,
697 2626 821 2692 exstitit
842 2645 864 2690 σ
885 2625 962 2692 eliso
986 2648 1026 2692 ex
1048 2646 1174 2711 κρυσος.

340 2755 397 2838 31)
419 2746 479 2833 ζόη
508 2759 663 2841 „spuma“
685 2756 900 2843 (Hesychiue2
924 2749 962 2820 τὸ
986 2748 1096 2821 ἐπάνω
1120 2752 1181 2820 τοῦ
1200 2753 1347 2838 μέλιτος)

256 2853 418 2942 syllabam
445 2856 619 2922 radicalem
650 2859 709 2937 ζοσ
731 2861 887 2940 continet,
909 2880 1006 2946 quam
1028 2880 1093 2923 non
1116 2856 1252 2921 alienam
1277 2876 1347 2920 esse

261 2980 281 3022 a
302 2958 412 3023 radice
434 2958 487 3036 ζεσ
508 2958 707 3044 Vanilekius
730 2962 808 3027 dicit
828 2962 871 3047 (p.
897 2960 980 3045 758).

344 3087 400 3174 32)
423 3089 480 3166 ζέω
503 3110 576 3153 oum
599 3090 793 3176 derivatis‚²)
807 3112 943 3176 quorum
957 3089 1100 3154 radicem
1115 3089 1278 3177 quondam
1293 3091 1347 3168 ζεσ

258 3190 358 3259 fuisse
388 3201 420 3256 et
448 3200 627 3281 temporum
653 3196 845 3262 formatione
867 3193 1065 3260 concluditur
1087 3201 1119 3258 et
1141 3192 1348 3261 confirmatur

256 3292 376 3379 linguis
404 3299 610 3385 propinquis3
633 3300 668 3364 in
690 3321 780 3364 secra
802 3300 885 3363 enim
908 3297 1003 3363 radix
1021 3321 1099 3384 yae,
1120 3296 1153 3361 in
1176 3295 1259 3362 ndca
1277 3306 1348 3385 pud,

255 3398 289 3460 in
318 3419 419 3482 gorm.
444 3413 501 3487 yda
533 3399 573 3465 de
594 3400 793 3485 ‚,bulliendo‚
817 3400 1012 3486 aestuando,
1034 3399 1209 3466 fervendo“
1232 3400 1347 3466 dicitur

256 3499 412 3585 (Leskien
434 3500 452 3569 l.
476 3503 493 3568 l.
516 3528 547 3590 p.
571 3504 635 3589 86).

341 3631 396 3715 33)
419 3637 501 3718 τρέω
531 3654 573 3701 ex
595 3652 697 3719 τρεσω
721 3640 827 3699 ortum
849 3643 899 3699 eet
919 3633 973 3719 (cl.
997 3631 1096 3700 Lesk.
1119 3632 1203 3697 etud.
1226 3630 1259 3695 ΙΙ
1282 3631 1346 3718 86).

341 3734 398 3819 34)
421 3734 520 3802 Verbi
542 3737 626 3803 σείω
639 3736 763 3803 formae
778 3739 947 3819 σέσεισμαι
962 3735 1080 3820 (Pleu,
1094 3735 1173 3821 Ar),
1190 3736 1348 3814 ἐσείσθην

254 3908 463 3919 --.-...-.-.

341 4008 370 4072 l)
388 4006 422 4062 ln
442 4007 620 4078 sequentibus
642 4009 767 4079 pertibus
784 4009 866 4067 huius
883 4007 1076 4080 disputationis
1094 4010 1202 4079 saepius
1221 4010 1297 4066 nobie
1315 4027 1349 4066 ea

253 4095 432 4151 retractando
453 4098 552 4164 erunt,
573 4097 606 4151 de
624 4098 725 4166 quibus
743 4084 860 4154 Ledkien
877 4098 906 4152 in
924 4096 1035 4167 egregio
1053 4096 1098 4152 illa
1118 4099 1349 4156 commentatione

253 4180 320 4251 egit,
331 4198 404 4251 quae
417 4181 522 4237 incerta
534 4185 577 4241 eet
585 4183 675 4239 curui
688 4184 790 4240 Studiie
803 4185 840 4255 (II
852 4203 880 4254 p.
894 4185 928 4239 67
940 4186 1000 4253 σᾳ.)
1025 4184 1145 4241 Maximo
1158 4203 1221 4245 meu
1231 4187 1348 4245 interae

252 4284 346 4324 omnes
364 4284 444 4324 voces
462 4285 619 4349 congerere,
637 4287 707 4341 quur
726 4293 741 4326 o
758 4271 883 4334 amoueo
897 4271 1046 4331 verisimile
1063 4274 1113 4331 eet
1148 4346 1149 4350 Ἰ
