3256 4822
678 289 891 353 ..39-

240 464 369 531 formati
391 463 521 528 nativus
544 462 650 527 exitus
672 464 775 524 -dsdm
798 458 923 543 legibus
938 444 1085 523 Graecae
1106 455 1236 541 linguae
1256 478 1335 521 -αων

240 568 346 633 factus
368 575 426 645 est
448 587 545 651 quam
568 564 706 630 formam
728 584 826 647 saepe
848 560 955 627 adhuc
976 560 1127 644 legimus:
1150 559 1185 623 in
1199 559 1334 624 dialecto

240 671 397 737 Boeotica
418 660 731 754 (retentatores.
749 662 805 729 Gr.
821 665 918 749 1568)
940 674 972 728 et
994 664 1082 750 apud
1096 661 1191 729 Hom.
1214 662 1334 747 (μελισ-

240 770 330 840 σάων
356 766 503 838 corveas
525 768 559 833 Β
580 768 645 852 87).
688 766 784 831 Unde
806 765 929 832 formae
952 766 1162 832 dialectorum
1183 766 1336 855 propriae

241 883 324 960 -suv,
346 875 413 954 -cir,
434 872 494 937 -ῶν
516 882 612 935 natae
635 879 718 937 sunt.
994 947 996 950 y

326 979 357 1066 c)
388 976 593 1042 suffixum
626 973 708 1042 dat.
738 972 789 1060 pl.
821 993 883 1038 -σι
910 973 1065 1060 stirpibus
1087 970 1255 1038 vocalibus
1277 969 1332 1034 ad·

241 1083 344 1148 ditum
373 1101 394 1145 o
422 1097 586 1163 nunquam
616 1076 733 1144 amisit.
777 1075 840 1162 (Of.
870 1099 901 1162 p.
930 1077 993 1162 65.)
1044 1075 1184 1140 Formae
1212 1075 1335 1159 primae

241 1195 274 1250 et
296 1182 456 1249 secundae
479 1179 701 1245 declinationis
718 1177 751 1242 in
768 1202 844 1258 -αις,
867 1202 930 1254 -οις
945 1178 1039 1263 (dou,
1061 1177 1148 1258 lesb,
1170 1177 1250 1263 att),
1272 1199 1334 1257 -ης,

242 1309 309 1368 -υς,
338 1283 495 1373 (boeot),
522 1307 572 1372 -ῃς
594 1273 716 1369 (Hom.)
747 1281 898 1347 cadentes
921 1283 1031 1347 nescio
1054 1278 1214 1367 quomodo
1238 1289 1335 1343 natae

243 1391 319 1469 sint,
346 1410 421 1453 nam
443 1413 456 1455 ι
479 1386 657 1452 decidentis
680 1385 722 1450 ab
745 1385 849 1464 exitu,
872 1384 959 1470 qnod
981 1384 1168 1470 plerumque
1191 1384 1336 1463 sumitur,

240 1513 354 1578 parum
378 1490 597 1577 exemplorum
619 1497 705 1569 sunt,
726 1508 823 1574 quam
846 1488 936 1553 utin
959 1486 1022 1552 hac
1044 1485 1258 1573 explicatione
1280 1507 1334 1550 ac·

242 1596 406 1680 quiescere
427 1614 558 1659 necesse
581 1594 630 1658 sit.

325 1697 361 1782 d)
394 1696 601 1761 suffixum
636 1716 712 1761 sec.
745 1715 954 1779 personae
987 1715 1040 1777 sg.
1074 1700 1149 1758 act.
1179 1701 1335 1776 tempo-

241 1821 328 1863 rum
349 1800 649 1885 primariorum
671 1818 734 1862 -σι
756 1794 844 1861 haud
866 1797 981 1860 mimus
998 1794 1126 1860 difficile
1141 1794 1337 1879 explicatum

242 1925 283 1965 ex
304 1902 375 1984 lege
397 1889 509 1966 nostra
529 1901 688 1965 excidisse
710 1899 839 1966 videtur
860 1899 894 1963 in
916 1898 1026 1964 formis
1041 1895 1071 1963 si
1083 1904 1155 1981 „es“
1171 1901 1215 1984 (v.
1232 1919 1262 1983 p.
1281 1898 1335 1981 17)

242 2012 275 2067 et
299 1999 326 2068 si
346 2004 429 2084 ‚,is“‚
457 2003 534 2067 illud
558 2025 599 2066 ex
621 2008 689 2083 los,
719 2002 781 2068 boc
801 2024 843 2066 ex
865 2004 942 2083 elos3
975 2023 1087 2067 omnes
1109 2001 1191 2066 aliae
1213 2003 1336 2066 formae

243 2104 387 2169 eiusdem
410 2105 538 2191 generis
559 2104 717 2191 praebent
739 2124 760 2167 σ
780 2105 815 2168 in
837 2104 925 2168 exitu
948 2114 984 2168 ut
1005 2107 1121 2189 λέγεις,
1147 2105 1261 2195 λέγῃς,
1288 2106 1335 2168 τί·

242 2209 320 2287 duc,
339 2205 405 2297 φῄς
426 2207 527 2297 (urps),
544 2200 656 2282 δώσεις
674 2217 742 2288 eet,
762 2207 848 2292 quod
866 2205 998 2271 Curtius
1013 2207 1116 2292 (verb.
1131 2206 1161 2270 12
1174 2207 1238 2271 205
1255 2205 1335 2291 sqq.)

162 2350 165 2367 ,
244 2312 356 2399 paucis
379 2311 535 2397 exemplis
557 2312 646 2375 nisus
667 2333 726 2398 per
747 2309 936 2398 epenthesin
958 2309 1120 2397 explicare
1144 2312 1259 2375 studet.

327 2417 359 2498 e)
391 2436 409 2478 e
443 2414 624 2480 suffixis
657 2436 732 2478 sec.
765 2435 973 2500 personae
1005 2414 1103 2479 med.
1130 2414 1334 2501 primario

243 2538 354 2600 -cac,
391 2517 646 2582 secundario
683 2537 771 2598 -co‚
807 2516 973 2581 vocalibus
1010 2517 1038 2581 si
1074 2516 1227 2603 stirpibus
1263 2518 1333 2581 alli·

242 2629 376 2704 guntur‚
406 2641 448 2683 ex
476 2618 547 2703 lege
577 2629 687 2685 nostra
716 2639 737 2683 o
767 2641 894 2705 semper
922 2619 1131 2684 exterendum
1160 2630 1246 2699 erat,
1276 2621 1334 2684 sed

242 2721 362 2787 multae
384 2724 589 2809 exceptiones
611 2722 816 2788 adnotandae
839 2732 929 2803 sunt,
958 2745 1040 2809 quas
1062 2723 1105 2787 ad
1124 2723 1333 2808 explicandas

241 2838 353 2913 postea
382 2824 620 2902 incumbemus3
654 2825 767 2909 regula
797 2835 905 2890 autem
934 2826 1002 2890 fere
1030 2849 1070 2890 ea
1098 2836 1165 2908 est,
1196 2836 1232 2890 ut
1259 2839 1334 2912 post

137 3004 140 3017 ἱ
241 2928 387 3006 vocales,
416 2947 499 3012 quae
521 2929 679 3003 dicuntur,
708 2925 898 2993 thematicas
920 2939 952 2993 et
973 2928 1117 2993 modales
1138 2930 1286 3015 (optativi
1307 2935 1332 3004 ῑ,

245 3029 441 3116 conjunctivi
463 3052 498 3109 o,
525 3030 553 3113 a)
576 3050 597 3094 o
619 3042 808 3112 evanescat,
830 3042 904 3117 post
925 3030 1006 3095 alias
1028 3031 1156 3096 vocales
1179 3042 1332 3098 servetur.

243 3130 337 3212 Quae
366 3130 421 3195 lex
449 3154 514 3196 non
545 3132 683 3219 quadrat
712 3134 754 3198 ad
783 3134 919 3199 aoristos
947 3133 1118 3198 verborum
1143 3134 1177 3198 in
1200 3158 1268 3217 -μι,
1298 3145 1334 3197 ut

241 3236 345 3313 ἔθου,
375 3233 465 3318 idos,
495 3235 550 3301 ubi
578 3248 653 3322 post
681 3236 832 3327 vocalem
854 3235 1029 3301 radicalem
1059 3239 1252 3302 cextritum
1274 3249 1333 3316 est.

243 3338 334 3402 cuius
356 3338 403 3402 rei
426 3359 542 3404 causas
562 3339 656 3422 inira,
680 3341 735 3404 ubi
752 3340 791 3404 de
807 3340 1049 3425 exceptionibus
1065 3362 1206 3425 agemus,
1227 3345 1331 3426 requi-

242 3442 334 3506 situri
355 3462 475 3509 sumus.

327 3544 355 3629 f)
386 3545 590 3610 suffixum
619 3546 754 3611 futuri
784 3555 860 3611 act.
889 3546 1018 3632 linguae
1048 3546 1193 3613 Graecae
1223 3550 1332 3631 -cju,

242 3647 553 3733 med.-ojopcs*)
583 3648 737 3735 stirpibus
764 3648 933 3715 vocalibus
956 3649 1101 3714 additum
1123 3652 1256 3734 exlege
1277 3672 1333 3715 no·

242 3760 309 3815 stra
338 3751 484 3835 sigmatis
511 3749 677 3815 elisionem
700 3774 826 3838 semper
846 3753 914 3838 pati
937 3750 1085 3819 debebat.
1129 3752 1193 3816 Sed
1215 3753 1249 3815 in
1272 3751 1333 3814 hoc

240 3873 359 3935 genere
382 3855 622 3940 exceptionibus
645 3876 741 3939 saepe
762 3853 851 3918 locus
873 3855 969 3920 datus
991 3865 1049 3935 est,
1070 3855 1110 3918 de
1129 3876 1194 3940 qua
1208 3876 1244 3917 re
1259 3876 1330 3939 pos·

241 3966 295 4020 teo
316 3976 460 4039 agemus.
497 3977 517 4023 o
540 3968 649 4021 autem
671 3957 783 4022 deesse
807 3958 952 4022 videmus
970 3958 1110 4044 primum
1123 3958 1158 4021 in
1173 3957 1333 4021 nonnullis

241 4058 373 4139 futuris,
394 4081 493 4145 quae,
517 4061 579 4124 nisi
599 4060 702 4142 fallor,
723 4060 946 4126 formationem
967 4062 1065 4126 tuturi
1089 4081 1255 4147 nunquam
1277 4060 1333 4124 ha·

327 4283 358 4353 a)
374 4281 414 4336 De
432 4281 484 4337 hac
501 4282 578 4337 omni
598 4298 627 4337 re
645 4285 679 4338 cf.
697 4282 808 4338 curdus
826 4280 878 4337 Vb.
896 4281 925 4336 ΙΙ
943 4281 996 4340 304
1011 4299 1070 4351 sqq.
