3256 4822
674 257 987 353 -m--¹

235 442 356 505 reatum
371 437 466 512 esset,
483 428 655 495 Sohraderi
665 429 832 509 sententia,
848 429 904 515 qui
915 428 992 494 dioit
1001 429 1100 516 (stud.
1112 430 1146 495 X
1158 431 1220 496 259
1233 432 1327 519 sqq),

236 534 407 601 dialeotum
429 533 543 605 Eloam
572 534 620 605 ita
649 555 669 598 a
691 532 807 601 esteris
828 532 1061 618 sejungendum
1083 554 1170 616 esse,
1199 542 1236 603 ut
1256 557 1324 601 ore·

237 637 368 719 damus,
397 636 494 702 Eleos
525 636 645 722 primos
673 658 708 701 se
738 658 758 700 a
789 636 904 700 ceteris
934 634 1068 702 Graeois
1098 636 1152 703 illo
1181 645 1325 726 tempore

234 764 333 809 uuam
355 739 499 824 linguam
522 739 727 826 loquentibus
748 759 948 823 segregasse,
971 737 1033 805 boo
1055 750 1243 824 argumento
1259 765 1324 806 non

233 842 376 930 paullum
398 842 650 911 confirmaretur,
688 841 752 911 Sed
767 840 912 911 consulto
927 841 989 909 hoo
1003 853 1192 929 argumento
1209 844 1324 913 Sabra-

235 946 292 1011 der
323 946 394 1033 ipse
426 969 491 1013 non
525 967 604 1013 usus
636 955 700 1027 aa,
732 948 809 1034 quia
837 945 947 1013 aulus
979 944 1133 1013 Eleorum
1161 948 1324 1033 antiquior

233 1048 285 1137 (O.
307 1048 338 1115 J.
361 1049 418 1136 31)
444 1049 580 1117 formam
607 1044 728 1130 ἐπόησε
753 1050 907 1137 praebet,
936 1071 978 1115 ex
1003 1069 1070 1136 qua
1090 1051 1323 1134 cognoscimus,

232 1152 266 1216 in
288 1152 424 1219 dialeoto
446 1152 537 1237 Elea,
558 1162 594 1218 ut
615 1155 649 1219 in
670 1154 810 1241 reliquis,
830 1154 969 1240 primum
991 1154 1128 1220 aoristos
1149 1152 1322 1221 verborum

232 1254 392 1323 vooalium
413 1277 473 1342 per
494 1278 515 1323 σ
536 1256 693 1323 formatos
713 1279 785 1324 esse
807 1266 927 1325 ettam
950 1256 1078 1325 demum
1100 1277 1122 1327 o
1143 1258 1322 1327 evanuisse.

232 1358 307 1441 Qua
328 1361 363 1425 in
384 1381 420 1424 re
442 1383 507 1427 non
529 1360 644 1427 mirum
666 1369 725 1442 est,
747 1359 832 1447 quod
855 1381 929 1439 non,
951 1367 987 1425 ut
1007 1359 1041 1424 in
1063 1359 1199 1427 dialemo
1217 1360 1321 1429 Laoo·

232 1462 314 1544 nioa,
336 1465 584 1551 unumquodque
598 1485 629 1545 σ,
651 1485 779 1551 quoquo
794 1463 889 1531 modo
903 1470 1016 1531 natum
1031 1471 1108 1543 erat,
1129 1462 1321 1543 elidebatur3

231 1584 304 1629 oum
333 1567 417 1631 enim
446 1567 525 1637 nihil
554 1568 757 1637 verisimilius
786 1568 845 1650 ait,
873 1588 970 1652 quam
992 1585 1014 1631 σ
1035 1565 1077 1632 ab
1099 1567 1222 1652 origine
1244 1589 1318 1635 oon·

232 1676 394 1735 servatum
424 1679 456 1736 et
482 1690 503 1736 σ
525 1679 638 1758 postea
659 1692 700 1736 ex
723 1670 793 1737 aliis
815 1671 966 1736 oonsonis
987 1678 1098 1736 natum
1121 1670 1319 1739 differentem

231 1791 344 1835 sonum
362 1771 523 1858 babuisse,
544 1797 610 1842 nou
625 1776 731 1840 minus
745 1772 898 1841 credibile
911 1773 1047 1857 videtur,
1069 1773 1168 1841 Eleos
1182 1773 1319 1845 altorum

230 1876 414 1965 extrusisse,
437 1876 572 1945 alterum
594 1899 750 1945 servasse.

314 1977 369 2043 Ex
397 1978 448 2044 his
478 1981 630 2062 efficitur,
660 1979 871 2063 Ostboffium,
898 2002 981 2068 quae
1003 1979 1157 2059 voluerit,
1185 2002 1250 2049 nou
1272 1982 1319 2053 ita

231 2082 474 2168 comprobasse,
504 2093 541 2153 ut
567 2084 660 2151 alteri
681 2085 859 2149 sententiae
879 2084 969 2149 loeus
991 2106 1057 2150 non
1077 2082 1317 2169 relinqueretur.

228 2183 280 2247 Ao
305 2206 450 2252 noanon
473 2187 673 2270 dubitamus,
703 2188 782 2275 quin
803 2188 950 2272 sigmatis
971 2186 1061 2253 elisio
1083 2207 1317 2272 permagnum

227 2294 356 2374 tempus
377 2291 543 2377 paullatim
565 2291 607 2357 ad
628 2290 725 2357 finem
747 2290 903 2376 perducta
925 2291 975 2372 sit,
997 2311 1057 2356 neo
1083 2310 1161 2357 oasu
1175 2289 1267 2355 hoof
1304 2328 1316 2340 ·
1376 2282 1379 2295 ¹

227 2399 296 2457 tum
317 2415 389 2459 esse
410 2404 569 2482 putamus,
592 2394 680 2483 quod
700 2394 735 2459 in
756 2418 773 2460 s
795 2415 937 2460 oonsona
959 2392 1065 2480 aliquo
1087 2394 1183 2459 modo
1205 2394 1318 2459 immu-

228 2495 328 2560 tanda
357 2497 424 2565 fere
454 2520 564 2565 omnes
586 2495 716 2583 linguae
736 2495 1025 2580 Indogermanioae
1046 2498 1256 2575 conveniunt3
1284 2506 1319 2564 ut

230 2599 312 2662 enim
332 2599 461 2684 linguas
483 2598 647 2665 Asiaticas
669 2601 868 2681 omittamus,
889 2609 1017 2688 praeter
1038 2599 1182 2683 linguam
1204 2600 1317 2667 Litus·

229 2701 332 2767 nioam
355 2725 465 2771 omnes
480 2700 651 2790 Europeae
672 2728 689 2769 s
709 2703 794 2769 inter
815 2704 943 2770 vooales
964 2703 1052 2769 lones
1072 2704 1213 2790 positum
1233 2713 1314 2769 trae

226 2810 297 2870 tant
316 2808 408 2873 vario
430 2806 559 2894 quidem
582 2804 693 2889 modo,
723 2806 778 2872 sed
801 2808 864 2889 ita,
894 2816 931 2873 ut
950 2807 984 2872 in
1006 2806 1156 2873 omnibus
1178 2806 1317 2893 primum

227 2927 268 2969 ex
295 2931 313 2971 s
343 2911 468 2994 spirans
495 2908 576 2975 lenis
602 2933 619 2975 a
645 2919 723 2975 nata
752 2931 823 2975 esso
851 2911 1024 2995 cogitanda
1046 2911 1096 2974 sit
1140 2908 1316 2991 Quaeritur
1354 2896 1357 2902 Δ

226 3006 338 3092 igitur,
366 3033 443 3077 num
465 3012 634 3078 enodamus
657 3033 678 3079 o
699 3013 829 3078 aoristis
851 3013 986 3079 Graecis
1008 3011 1180 3077 verborum
1201 3013 1235 3078 in
1258 3007 1315 3079 vo·

227 3110 312 3177 cales
335 3113 517 3181 sedentium
539 3125 607 3181 tum
629 3115 757 3183 demum
773 3115 877 3181 denuo
892 3114 1026 3183 infixum
1042 3136 1122 3196 esse,
1144 3123 1315 3201 postquam

225 3224 327 3281 totum
357 3220 538 3302 evanuerit,
566 3241 609 3283 an
636 3220 783 3305 opriore
806 3218 946 3284 elisionis
968 3226 1111 3305 tempore
1133 3217 1315 3283 restitutum

224 3340 303 3388 esse.
347 3321 456 3409 Atque
484 3322 564 3389 illud
591 3322 750 3389 neminem
779 3321 909 3387 eredere
939 3328 1018 3408 puto
1047 3320 1110 3385 nisi
1140 3343 1231 3401 oum,
1259 3321 1315 3407 qui

223 3424 333 3507 magni
355 3434 534 3514 temporum
557 3425 662 3510 spatii,
684 3447 748 3513 quo
770 3446 791 3491 σ
812 3424 1000 3503 elidebatur,
1022 3423 1142 3490 nullam
1155 3426 1313 3490 rationem

135 3538 144 3551 '
223 3523 351 3593 babeat.
394 3528 490 3612 Quod
512 3549 553 3592 ne
568 3527 697 3594 Doriois
719 3529 850 3616 quidem
864 3529 991 3594 aoristis
1006 3535 1038 3592 et
1051 3526 1140 3592 Eleis
1155 3547 1314 3592 commen·

224 3626 334 3710 datur,
367 3652 442 3695 nam
465 3631 577 3697 formis
599 3640 636 3696 ut
657 3625 770 3713 ἑπόηε,
795 3643 966 3719 postquam
987 3632 1180 3713 amiserunt,
1206 3649 1227 3694 σ
1248 3652 1313 3695 non

221 3731 403 3795 restitutum
426 3742 485 3800 est.
528 3734 596 3800 Nos
618 3735 716 3820 igitur
736 3757 913 3818 censemus,
933 3736 985 3800 bis
1007 3734 1119 3800 formis
1134 3752 1155 3798 σ
1169 3731 1312 3799 nondum

222 3830 373 3917 defuisse,
394 3833 480 3920 quod
502 3837 549 3902 sio
570 3847 681 3903 natum
694 3848 854 3923 putamus,
876 3848 921 3920 ut,
943 3836 1000 3904 ubi
1014 3836 1123 3923 paullo
1139 3834 1181 3900 ad
1197 3857 1312 3900 sonum

220 3933 372 4000 leniorem
394 3937 597 4005 imminutum
619 3941 674 4023 sit,
694 3940 860 4028 loquentes
882 3940 924 4007 ad
946 3962 967 4008 o
987 3940 1161 4006 verborum
1181 3939 1215 4002 in
1238 3960 1312 4006 oon·

220 4056 317 4103 sonas
344 4038 529 4106 dedentium
558 4044 854 4127 accomodaverint,
885 4044 905 4108 i.
935 4067 965 4110 e.
992 4045 1167 4132 spirantem
1197 4043 1312 4109 fortem

219 4140 517 4225 redintegraverint.
560 4145 633 4210 Non
655 4147 755 4230 igitur
776 4146 975 4228 mirabimur,
997 4145 1083 4232 quod
1105 4144 1211 4212 nullus
1227 4146 1309 4209 aori·

220 4251 288 4309 atus
315 4246 438 4330 primus
468 4249 606 4334 sigmate
634 4269 749 4316 carens
775 4247 1002 4337 eomprobatus
1030 4256 1089 4315 est.
1133 4247 1255 4315 Contra
1275 4248 1310 4313 in

1075 4365 1093 4420 6
