3256 4822
737 281 948 345 „12-

297 471 433 537 parvam
448 449 588 515 notionis
603 450 823 518 ostendentes:
844 452 914 531 ξτο
929 459 962 516 et
974 452 994 532 ξ
1002 471 1058 520 νο.
1087 449 1140 515 Ex
1155 458 1267 516 nostm
1282 460 1390 516 antem

298 553 458 619 sententia
480 546 557 632 ξόος
579 553 729 632 „radere“
751 554 950 642 (Hesychius
972 553 1112 641 explicat
1132 552 1298 619 vocabulis
1317 553 1390 634 ξιο-

295 646 369 741 μόο,
395 648 518 738 ὁλνός),
546 657 615 737 §otc
636 658 902 737 „instrumentum
932 657 974 723 ad
1004 656 1241 743 sculpendum“,
1267 650 1391 737 ξόανον

296 780 411 839 „omne
433 756 621 846 sculptum“,
643 752 744 840 ξύλον
764 761 936 844 „materia‘⁴
957 760 1047 846 (raro
1061 759 1179 842 ‚‚silva“
1195 761 1214 826 i.
1231 782 1256 826 e.
1271 781 1388 825 verna-

296 861 371 929 cula
401 859 606 947 „lebendiges
635 862 741 949 bola“)
770 872 802 929 et
823 862 924 930 verba
953 854 1019 946 ξίν
1045 871 1077 929 οί
1099 859 1159 942 ξίν)
1184 862 1226 928 ad
1247 862 1390 928 radicem

296 959 337 1045 ξύ
358 972 391 1031 et
414 965 484 1029 eins
506 964 628 1031 formas
650 975 764 1033 auctas
785 965 847 1047 ξιο,
870 965 930 1047 ξον
950 965 1134 1033 revocanda
1156 975 1240 1046 suut,
1261 987 1326 1054 qna
1348 966 1389 1031 de

297 1089 333 1133 re
362 1088 401 1134 eo
430 1067 537 1133 minus
567 1066 767 1154 dubitamus,
798 1070 884 1157 quod
907 1062 973 1149 ξύν
994 1079 1028 1135 et
1049 1068 1151 1151 ίξνοα
1172 1069 1241 1134 fere
1262 1090 1389 1155 semper

296 1192 368 1235 cnm
390 1179 411 1236 ῦ
431 1169 617 1237 scribuntur
631 1172 685 1258 (cf.
700 1170 781 1252 ξῦον
796 1172 883 1262 apud
898 1173 993 1239 Hom.
1007 1196 1029 1260 χ
1045 1172 1120 1255 456,
1134 1165 1281 1252 ίξῦσαΞ
1304 1173 1390 1260 179),

297 1295 373 1339 nam
401 1295 474 1340 cum
497 1273 673 1342 Leskienio
695 1276 832 1342 formam
855 1276 975 1342 radicis
995 1272 1056 1355 ξῦο
1076 1296 1211 1363 ponere,
1233 1298 1298 1342 non
1320 1277 1389 1342 sine

296 1377 438 1465 periculo
468 1385 519 1444 est
538 1377 654 1463 (verba
675 1380 761 1445 enim
783 1380 908 1459 omnia,
930 1401 1014 1468 quae
1033 1377 1177 1444 Leekien
1200 1379 1219 1448 l.
1241 1379 1260 1447 l
1282 1379 1390 1445 attulit

295 1501 401 1567 neque
430 1480 465 1545 in
495 1482 657 1568 praesenti
687 1491 832 1568 tempore
854 1504 958 1570 neque
978 1483 1013 1547 in
1036 1482 1157 1547 aoristo
1178 1482 1309 1568 longam
1333 1505 1388 1550 vo·

296 1583 398 1650 calem
427 1582 605 1672 praebent).
650 1584 805 1651 Fortasse
834 1586 935 1671 igitur
954 1585 1090 1652 verbum
1121 1584 1188 1665 ξύω
1217 1586 1259 1652 de
1285 1586 1390 1653 forma

294 1688 438 1773 slmjums·
456 1687 623 1753 deseendit
644 1688 697 1774 (cf.
720 1688 808 1777 apud
830 1687 924 1754 Hom.
947 1684 1012 1755 ute
1034 1698 1067 1756 et
1087 1687 1169 1774 λιίω)
1191 1699 1224 1756 et
1244 1689 1339 1756 litera
1359 1708 1389 1770 o,

216 1808 225 1819 ’
297 1789 355 1855 nbi
377 1789 524 1871 obvenit,
546 1813 588 1856 ex
610 1814 631 1854 τ
653 1800 703 1857 est
724 1801 803 1858 nata
824 1791 912 1879 quod
934 1801 971 1857 nt
992 1792 1177 1872 credamus,
1199 1792 1391 1858 adducimur

296 1891 447 1978 analogia
480 1893 573 1960 verbi
601 1892 766 1961 Lituanici
801 1896 912 1977 οίοιιιίι,
945 1896 1061 1976 abiud,
1094 1896 1185 1961 cuins
1223 1897 1312 1962 notio
1339 1903 1391 1961 est

296 1995 462 2080 „vadere“,
491 1995 551 2079 ξίω
572 2019 650 2063 vero
681 2009 751 2080 aut,
772 2009 808 2064 nt
829 2021 928 2087 supra
949 1998 1099 2079 diximus,
1120 2019 1163 2064 ex
1184 1998 1289 2064 forma
1309 1996 1389 2078 ξονον

294 2106 407 2165 natum
429 2107 488 2182 est,
509 2099 544 2164 in
564 2101 657 2167 ouius
679 2111 835 2188 tempora,
857 2109 1030 2189 postquam
1050 2108 1075 2167 f
1098 2124 1156 2167 seu
1177 2101 1351 2179 vevanuit,
1368 2120 1390 2166 ο

295 2224 338 2268 cx
363 2202 515 2286 analogia
536 2202 713 2270 formarum
735 2204 828 2270 verbi
856 2197 943 2284 ξύτω
965 2205 1087 2271 illatum
1110 2206 1160 2287 sit,
1181 2214 1239 2271 aut
1259 2206 1388 2271 omuino

295 2305 530 2391 sejungendum
559 2317 592 2372 et
619 2307 721 2373 radici
751 2306 838 2388 ξιο-
869 2308 889 2373 i.
919 2330 945 2374 e
967 2309 1046 2375 oleae
1066 2307 1306 2374 attribuendum
1328 2315 1386 2373 eat.

295 2406 347 2475 cf.
370 2408 454 2477 Van
475 2431 505 2496 p.
529 2410 623 2477 1117.
1175 2424 1178 2431 ’

381 2511 438 2597 39)
460 2505 554 2577 arrio
584 2519 707 2600 „spuo“.
756 2513 789 2579 A
815 2512 991 2579 Leskienio
1021 2515 1067 2602 (p.
1094 2515 1150 2600 93)
1179 2515 1276 2601 stirps
1305 2536 1390 2590 πτνς

297 2623 385 2680 recte
408 2614 514 2701 posita
535 2615 681 2700 videtum
701 2616 742 2682 cs.
758 2617 840 2684 Van.
863 2639 896 2704 p.
921 2618 1013 2683 1197.
1058 2616 1142 2683 Cum
1164 2617 1295 2702 linguae
1313 2639 1387 2704 pro·

295 2720 437 2806 pinquae
459 2717 547 2784 nulla
568 2721 709 2806 vestigia
729 2740 750 2785 ο
772 2741 934 2786 consonae
955 2719 1134 2807 praebeant
1154 2720 1225 2807 (lat
1239 2745 1328 2807 spuo,
1343 2719 1388 2787 lit

294 2824 445 2909 moteja,
474 2821 555 2890 slav.
579 2824 700 2910 pp'rp’cp,
729 2831 793 2907 got
823 2824 945 2910 ορείνο)
972 2833 1099 2889 etcum
1121 2820 1216 2889 πτύω
1236 2825 1271 2888 in
1293 2832 1388 2911 temp.

296 2947 401 3012 praes.
418 2932 452 2990 et
465 2925 591 3014 imperf.
606 2926 794 3014 plerumque
808 2948 868 3012 per
881 2934 902 2992 ῦ
915 2926 1083 3008 οοτίοιιιιτ,
1097 2946 1250 3012 praesens
1259 2925 1389 3013 quidem

297 3027 338 3093 ad
361 3028 488 3094 forman
510 3034 617 3115 τιτιῄον
639 3052 757 3097 revoco
779 3030 833 3116 (cf.
855 3050 940 3117 quae
962 3026 1213 3108 subvertetur
1229 3028 1390 3096 deforma

296 3126 361 3210 ξῢω
383 3129 556 3216 diximus),
577 3146 686 3198 cetera
708 3144 854 3219 tempora
876 3155 894 3198 e
917 3132 1017 3219 stirpe
1038 3140 1135 3199 aucta
1157 3132 1296 3198 formata
1319 3150 1389 3196 esse

297 3243 386 3320 puto.
417 3233 485 3319 (Ex
499 3231 599 3299 verbo
626 3235 750 3313 πῦτίζω
765 3259 881 3325 „saepe
897 3242 996 3322 spuo“
1010 3237 1142 3323 stirpem
1157 3254 1215 3321 per
1230 3233 1390 3299 dentalem

295 3345 511 3423 propagatam
531 3336 723 3404 concludere
745 3363 811 3405 non
832 3341 912 3406 satis
933 3348 1064 3405 cautum
1086 3344 1145 3416 est,
1163 3337 1240 3423 qnia
1254 3357 1296 3400 ex
1310 3357 1387 3401 ana

294 3437 383 3523 logia
414 3438 587 3505 verborum
621 3442 780 3525 ίρατίζιιν
810 3447 970 3530 „oupere“,
997 3436 1180 3518 ἀκοντίζειν
1208 3439 1389 3527 ,deciderit

296 3543 476 3621 κτιοιτίζιιν
498 3543 708 3626 ‚,aoquirere“,
721 3544 887 3624 λακτίζειν
900 3544 1007 3626 „calce
1021 3541 1177 3621 trudere“,
1191 3541 1389 3628 πειρητίζιιν

295 3643 461 3732 „probare
485 3645 672 3733 explorare“
695 3632 737 3712 ol.¹
758 3647 931 3714 formatum
953 3670 1025 3715 esse
1046 3646 1175 3734 potest)

380 3748 438 3836 40)
459 3742 557 3816 oudo
571 3748 739 3830 „extendo
754 3749 859 3827 traho,
875 3751 1014 3818 scindo“.
1042 3749 1106 3836 (Of.
1121 3747 1263 3815 Leskicn
1279 3772 1309 3837 p.
1325 3748 1390 3834 90.)

296 3850 364 3916 Nos
385 3873 460 3917 cum
483 3851 549 3919 dor.
572 3847 716 3920 οποίδιον
737 3854 837 3939 (idem
859 3874 898 3918 ao
919 3842 1081 3937 redduco),
1103 3845 1241 3918 σπαδνίν
1262 3872 1389 3934 „ramus

296 3953 477 4022 descissus“
497 3955 687 4044 (Hippoer.)‚
716 3952 838 4036 σπάδιξ
860 3956 943 4043 (id),
964 3954 1111 4034 ονταδίζω
1132 3955 1203 4040 (fut
1226 3952 1389 4041 οτιαδίξω)

297 4055 431 4143 „pellem
455 4058 606 4125 detrsbo“
628 4059 768 4145 (Hdt.V
789 4059 846 4144 25)
867 4081 928 4125 nec
949 4080 1015 4125 non
1035 4058 1166 4143 linguae
1187 4055 1388 4143 propinquae

297 4157 1388 4249 dentuemexplosivsmexhibemuctlauspauumu'ick112278),

295 4286 362 4330 non
392 4264 579 4332 incredibile
608 4287 680 4333 esse
711 4265 874 4348 ducimus,
900 4264 953 4332 lu'c
981 4263 1119 4331 eundem
1140 4261 1388 4351 metaplasmum
