3256 4822
688 282 898 347 ..59ῃ

252 460 346 528 σαῖος
371 455 565 532 nominatur,
580 452 662 518 haec
677 453 808 519 nomina
824 451 863 517 de
879 454 980 520 altera
994 463 1086 543 parte
1101 455 1342 540 significationis

250 564 383 642 accepta
406 565 481 622 sunt
503 565 535 622 et
556 556 739 642 significant
759 558 979 640 „nootum0s“.

334 662 466 743 μαίσων
491 646 625 746 (coquus
648 660 907 749 Atheniensium)
936 660 1092 727 obscurae
1119 661 1254 745 originis
1276 669 1340 740 est3

249 784 321 828 curn
346 785 517 849 personam
540 785 666 851 quoque
687 767 781 853 coqui
802 765 933 847 indicet,
954 772 1148 829 censuerunt
1162 765 1224 829 viri
1246 764 1341 847 docti,

248 865 383 930 verbum
406 888 446 931 ex
468 868 597 932 nomine
618 869 748 954 proprio
770 868 935 934 histrionis
951 866 1118 931 cuiusdam
1134 874 1239 932 ortum
1255 889 1340 947 esse,

250 968 307 1034 sed
330 970 468 1035 fortasse
487 968 581 1036 radix
604 969 674 1037 milr‘
697 973 769 1038 voci
786 970 897 1037 subest
921 970 972 1056 (cf.
994 971 1156 1056 μίγνυμι).
1187 969 1341 1035 Eiusdem

249 1072 358 1160 stirpis
379 1072 508 1138 videtur
529 1096 601 1140 esse
621 1096 739 1140 nomen
760 1096 867 1161 propr.
890 1074 1020 1140 Muroa'.

334 1175 483 1263 Denique
506 1176 668 1243 afferimus
692 1168 901 1261 κασαλβάζω,
921 1167 1103 1260 κασαλβάς,
1119 1177 1269 1258 aucupio,
1285 1199 1341 1240 κα-

250 1276 375 1362 σαυρά,
409 1280 525 1366 quibus
559 1303 631 1346 cum
665 1301 708 1347 oo
739 1280 893 1367 scriptum
921 1278 1093 1364 respondet
1122 1277 1239 1345 κάσσοέ.
1290 1279 1341 1343 Ac

250 1380 379 1447 videtur
414 1382 508 1449 nobis
546 1384 686 1471 quodam
715 1382 812 1449 modo
842 1379 1008 1469 probabile
1033 1381 1181 1467 inprimis
1211 1392 1343 1470 propter

250 1485 525 1569 significationem,
549 1487 635 1574 quod
658 1486 743 1552 Fick
766 1485 908 1572 (11259)
932 1483 976 1548 lit.
998 1483 1107 1551 dolosae·
1127 1486 1343 1572 comparavit,

249 1587 337 1653 unde
369 1597 477 1655 tamen
512 1613 570 1656 nos
603 1613 668 1656 non
697 1612 770 1655 cum
802 1589 856 1655 illo
886 1588 956 1652 viro
987 1588 1081 1653 docto
1110 1590 1342 1672 concludimus,

250 1692 385 1756 formam
403 1692 703 1778 Indogermanicam
720 1693 820 1757 fnisse
835 1692 947 1776 losyd,
962 1689 1021 1755 scd
1035 1690 1194 1778 duplicem
1210 1694 1341 1779 stirpem

250 1793 396 1877 subesse,
418 1817 555 1882 quarum
579 1819 620 1861 ex
643 1795 745 1862 altera
765 1796 879 1880 sak-ja
900 1814 1006 1878 graec.
1029 1788 1154 1877 κάσσα,
1177 1817 1218 1859 ex
1240 1794 1342 1862 altera

249 1897 387 1985 kalo-syc
416 1894 461 1964 lit.
489 1899 599 1966 loelrszc
623 1900 785 1987 prodierit.
841 1898 913 1964 Non
944 1905 1051 1962 autem
1080 1899 1283 1982 ignoramus,
1307 1900 1342 1964 in

251 1998 432 2065 differentia
450 2001 611 2067 vocalium
633 2003 739 2067 inesse
762 2000 994 2066 difficultatem.
1040 2002 1076 2066 si
1097 2002 1195 2086 igitur
1216 2003 1342 2089 Benfey

250 2101 298 2189 (ΙΙ
326 2102 400 2190 151)
422 2113 509 2170 recte
524 2104 667 2170 radicem
681 2105 738 2170 leot
751 2104 919 2193 proposuit
935 2128 952 2169 e
968 2103 1086 2188 linguis
1101 2105 1253 2169 Asiaticis
1268 2128 1342 2171 con-

251 2206 382 2287 clusam,
398 2207 515 2274 Graeci
537 2206 687 2274 vocabuli
702 2210 839 2274 formam
855 2209 1041 2296 primariam
1056 2229 1177 2276 κατ-σα
1192 2209 1342 2297 ponimus

250 2318 283 2374 et
303 2311 473 2376 inserimus
495 2310 701 2403 paragrapho
723 2314 751 2378 2.

250 2496 279 2565 5.
317 2496 359 2561 Σ
377 2498 621 2566 SERVATUM
636 2499 731 2582 EST,
746 2497 875 2581 QUOD
890 2498 996 2564 ILLO
1011 2499 1234 2579 TEMPORE,
1249 2498 1342 2580 Quo

286 2601 591 2685 ELIDEBA'I‘UR,
613 2603 704 2669 NON
727 2601 957 2684 VOCALEM,
980 2602 1067 2670 SED
1088 2602 1305 2669 NASALEM

550 2725 554 2733 ·
591 2705 713 2772 ANTE
736 2704 790 2771 SE
813 2704 996 2772 HABUIT.
1021 2726 1031 2765 1

339 2824 444 2889 Huius
474 2827 577 2913 partis
609 2824 672 2889 duo
703 2846 824 2910 genera
853 2825 1065 2891 discernenda
1095 2835 1185 2907 sunt,
1207 2846 1343 2912 quorum

252 2925 388 2989 alterum
411 2950 449 2992 ea
471 2926 632 2994 vocabula
646 2930 797 3010 continet,
813 2927 962 3014 equibus
978 2928 1099 2994 nasalis
1112 2930 1179 3018 jam
1195 2930 1229 2993 in
1244 2928 1344 3002 Grae·

252 3050 362 3093 corum
384 3029 495 3114 lingua
517 3031 678 3096 communi
700 3032 820 3096 amissa
843 3040 900 3108 est,
925 3032 1059 3098 alterum
1080 3054 1130 3117 ea,
1145 3032 1262 3119 quibus
1276 3031 1343 3095 dia-

251 3130 405 3198 lectorum
436 3134 559 3198 formae
588 3157 646 3222 per
667 3134 810 3201 nasalem
835 3135 974 3222 scriptae
997 3136 1179 3224 comparari
1200 3144 1343 3223 possunt.

336 3230 445 3316 δασύς,
457 3234 558 3313 raros
570 3239 742 3326 conjuncta
753 3261 826 3304 cum
839 3238 892 3306 lat.
903 3241 1021 3306 denam
1031 3250 1136 3306 aut-
1146 3239 1174 3303 si
1185 3238 1343 3323 Brugma·

253 3361 330 3404 num
353 3341 489 3425 (nasalis
512 3364 632 3407 sonans
653 3344 686 3407 in
710 3342 766 3407 der
781 3342 894 3428 Indog.
917 3343 1169 3432 grundsprache.
1182 3342 1264 3407 stud.
1280 3341 1345 3427 IX)

251 3443 414 3531 sequimur
436 3484 478 3492 -
501 3463 523 3510 o
543 3454 715 3532 propterea
731 3455 951 3530 servaverunt,
968 3448 1044 3534 quia
1060 3469 1097 3512 eo
1113 3456 1265 3534 tempore,
1280 3469 1344 3532 quo

252 3547 397 3631 sigmatis
419 3549 508 3613 elisio
531 3549 620 3613 facta
642 3558 706 3630 est,
728 3549 865 3616 formam
888 3551 999 3632 durus,
1022 3551 1129 3631 ducar,
1151 3548 1343 3630 habuerunt,

252 3659 308 3714 aut
329 3672 371 3714 ex
394 3651 525 3730 δανσυς,
541 3650 661 3728 δανσος
679 3663 756 3719 nata
771 3675 842 3717 esse
858 3651 1007 3717 ducenda
1023 3662 1105 3718 sunt.
1144 3674 1164 3729 o
1179 3661 1341 3718 servatum

250 3752 313 3820 hoc
343 3752 439 3819 modo
470 3776 535 3819 non
565 3755 670 3820 minus
693 3776 789 3843 quam
813 3754 867 3820 illo
890 3756 1084 3843 explicatur,
1106 3757 1243 3843 ideoque
1265 3755 1343 3820 mihi

250 3855 384 3922 dubium
406 3856 549 3939 videtur,
571 3879 647 3921 num
670 3858 866 3946 adjectivum
891 3853 1014 3935 δαυλός
1036 3860 1190 3941 „densus,
1214 3859 1345 3939 hirtus“,

250 3961 381 4026 nomina
404 3983 512 4048 propr.
527 3961 659 4043 Δαυλίς,
676 3955 871 4045 Ἐπίδαυρος
887 3960 992 4046 ((1114
1015 3964 1087 4046 232,
1102 3962 1186 4029 Fick
1202 3961 1253 4026 11⁸
1269 3962 1343 4049 132)

248 4072 335 4129 recle
357 4086 378 4129 a
400 4064 510 4129 formis
533 4064 710 4148 sigmaticis
732 4063 939 4131 deducantur.

340 4165 463 4234 Contra
484 4165 548 4232 alia
571 4169 702 4233 nomina
722 4189 830 4256 propr.
853 4188 893 4233 eo
915 4168 1011 4235 modo
1033 4168 1188 4256 explicari
1202 4177 1339 4256 possunt

250 4290 315 4334 non
347 4270 449 4336 solum
475 4269 624 4335 derivata
655 4278 687 4336 et
718 4271 897 4358 composita
919 4274 1008 4338 vocis
1038 4271 1141 4347 δασύς
1169 4273 1290 4359 ipsius,
1311 4281 1347 4337 ut
