<?xml version="1.0" encoding="UTF-8"?>
<!DOCTYPE html PUBLIC "-//W3C//DTD XHTML 1.0 Transitional//EN"
    "http://www.w3.org/TR/xhtml1/DTD/xhtml1-transitional.dtd">
<html xmlns="http://www.w3.org/1999/xhtml" xml:lang="en" lang="en">
 <head>
  <title>
</title>
<meta http-equiv="Content-Type" content="text/html;charset=utf-8" />
  <meta name='ocr-system' content='tesseract 3.04.00' />
  <meta name='ocr-capabilities' content='ocr_page ocr_carea ocr_par ocr_line ocrx_word'/>
</head>
<body>
  <div class='ocr_page' id='page_1' title='image "./deliterainlingu00mlgoog_0079.png"; bbox 0 0 3256 4822; ppageno 0'>
   <div class='ocr_carea' id='block_1_1' title="bbox 726 233 938 313">
    <p class='ocr_par' dir='ltr' id='par_1_1' title="bbox 726 233 938 313">
     <span class='ocr_line' id='line_1_1' title="bbox 726 233 938 313; baseline 0.009 -30"><span class='ocrx_word' id='word_1_1' title='bbox 726 233 938 313; x_wconf 56' lang='grc'><strong>,74-</strong></span> 
     </span>
    </p>
   </div>
   <div class='ocr_carea' id='block_1_2' title="bbox 283 402 1379 1203">
    <p class='ocr_par' dir='ltr' id='par_1_2' title="bbox 283 402 1379 905">
     <span class='ocr_line' id='line_1_2' title="bbox 284 402 1379 491; baseline 0 -23"><span class='ocrx_word' id='word_1_2' title='bbox 284 405 356 471; x_wconf 90' lang='lat' dir='ltr'><strong>dem</strong></span> <span class='ocrx_word' id='word_1_3' title='bbox 393 405 594 471; x_wconf 78' lang='lat' dir='ltr'><strong>formationis</strong></span> <span class='ocrx_word' id='word_1_4' title='bbox 631 406 665 469; x_wconf 91' lang='lat' dir='ltr'><strong>in</strong></span> <span class='ocrx_word' id='word_1_5' title='bbox 704 405 822 491; x_wconf 86' lang='lat' dir='ltr'><strong>linguis</strong></span> <span class='ocrx_word' id='word_1_6' title='bbox 861 402 1135 489; x_wconf 84' lang='lat' dir='ltr'><strong>Indogermauicis</strong></span> <span class='ocrx_word' id='word_1_7' title='bbox 1171 402 1379 489; x_wconf 88' lang='lat' dir='ltr'><strong>respondent,</strong></span> 
     </span>
     <span class='ocr_line' id='line_1_3' title="bbox 284 498 1378 595; baseline 0.005 -27"><span class='ocrx_word' id='word_1_8' title='bbox 284 506 305 574; x_wconf 90' lang='lat' dir='ltr'><strong>i.</strong></span> <span class='ocrx_word' id='word_1_9' title='bbox 328 528 357 571; x_wconf 89' lang='lat' dir='ltr'><strong>e.</strong></span> <span class='ocrx_word' id='word_1_10' title='bbox 381 528 429 587; x_wconf 86' lang='lat' dir='ltr'><strong>aa,</strong></span> <span class='ocrx_word' id='word_1_11' title='bbox 451 529 535 595; x_wconf 91' lang='lat' dir='ltr'><strong>quae</strong></span> <span class='ocrx_word' id='word_1_12' title='bbox 557 531 598 574; x_wconf 86' lang='lat' dir='ltr'><strong>ex</strong></span> <span class='ocrx_word' id='word_1_13' title='bbox 620 508 731 594; x_wconf 81' lang='lat' dir='ltr'><strong>lingua</strong></span> <span class='ocrx_word' id='word_1_14' title='bbox 746 507 1055 593; x_wconf 85' lang='lat' dir='ltr'><strong>lndogermauorum</strong></span> <span class='ocrx_word' id='word_1_15' title='bbox 1077 514 1205 570; x_wconf 90' lang='lat' dir='ltr'><strong>vetusta</strong></span> <span class='ocrx_word' id='word_1_16' title='bbox 1227 507 1260 572; x_wconf 94' lang='lat' dir='ltr'><strong>in</strong></span> <span class='ocrx_word' id='word_1_17' title='bbox 1275 498 1378 573; x_wconf 77' lang='lat' dir='ltr'><strong>Grae·</strong></span> 
     </span>
     <span class='ocr_line' id='line_1_4' title="bbox 285 608 1379 696; baseline 0.004 -23"><span class='ocrx_word' id='word_1_18' title='bbox 285 631 356 673; x_wconf 91' lang='lat' dir='ltr'><strong>oam</strong></span> <span class='ocrx_word' id='word_1_19' title='bbox 387 611 548 676; x_wconf 87' lang='lat' dir='ltr'><strong>translata</strong></span> <span class='ocrx_word' id='word_1_20' title='bbox 578 633 648 675; x_wconf 89' lang='lat' dir='ltr'><strong>esse</strong></span> <span class='ocrx_word' id='word_1_21' title='bbox 675 620 809 678; x_wconf 84' lang='lat' dir='ltr'><strong>constat</strong></span> <span class='ocrx_word' id='word_1_22' title='bbox 852 609 915 677; x_wconf 84' lang='lat' dir='ltr'><strong>Sed</strong></span> <span class='ocrx_word' id='word_1_23' title='bbox 938 608 1085 694; x_wconf 84' lang='lat' dir='ltr'><strong>exempla</strong></span> <span class='ocrx_word' id='word_1_24' title='bbox 1107 617 1174 673; x_wconf 84' lang='lat' dir='ltr'><strong>tam</strong></span> <span class='ocrx_word' id='word_1_25' title='bbox 1196 632 1272 675; x_wconf 87' lang='lat' dir='ltr'><strong>rara</strong></span> <span class='ocrx_word' id='word_1_26' title='bbox 1294 622 1379 696; x_wconf 90' lang='lat' dir='ltr'><strong>sunt,</strong></span> 
     </span>
     <span class='ocr_line' id='line_1_5' title="bbox 285 712 1379 800; baseline 0.003 -24"><span class='ocrx_word' id='word_1_27' title='bbox 285 721 320 776; x_wconf 87' lang='lat' dir='ltr'><strong>ut</strong></span> <span class='ocrx_word' id='word_1_28' title='bbox 351 713 392 778; x_wconf 90' lang='lat' dir='ltr'><strong>iis</strong></span> <span class='ocrx_word' id='word_1_29' title='bbox 425 735 551 800; x_wconf 88' lang='lat' dir='ltr'><strong>quoque</strong></span> <span class='ocrx_word' id='word_1_30' title='bbox 580 712 751 795; x_wconf 76' lang='lat' dir='ltr'><strong>adhibitis,</strong></span> <span class='ocrx_word' id='word_1_31' title='bbox 786 735 869 800; x_wconf 89' lang='lat' dir='ltr'><strong>quae</strong></span> <span class='ocrx_word' id='word_1_32' title='bbox 899 712 962 777; x_wconf 90' lang='lat' dir='ltr'><strong>alio</strong></span> <span class='ocrx_word' id='word_1_33' title='bbox 992 733 1109 797; x_wconf 82' lang='lat' dir='ltr'>genere</span> <span class='ocrx_word' id='word_1_34' title='bbox 1138 713 1379 779; x_wconf 80' lang='lat' dir='ltr'><strong>assimilationis</strong></span> 
     </span>
     <span class='ocr_line' id='line_1_6' title="bbox 283 809 1378 905; baseline 0.005 -26"><span class='ocrx_word' id='word_1_35' title='bbox 283 816 422 880; x_wconf 85' lang='lat' dir='ltr'><strong>formata</strong></span> <span class='ocrx_word' id='word_1_36' title='bbox 447 826 528 899; x_wconf 48' lang='lat' dir='ltr'><strong>‚sunt</strong></span> <span class='ocrx_word' id='word_1_37' title='bbox 557 825 592 880; x_wconf 90' lang='lat' dir='ltr'><strong>ut</strong></span> <span class='ocrx_word' id='word_1_38' title='bbox 614 809 733 899; x_wconf 78' lang='grc' dir='ltr'><strong><em>καλός,</em></strong></span> <span class='ocrx_word' id='word_1_39' title='bbox 762 814 841 886; x_wconf 87' lang='lat' dir='ltr'><strong>nihil</strong></span> <span class='ocrx_word' id='word_1_40' title='bbox 868 836 927 905; x_wconf 90' lang='lat' dir='ltr'><strong>pro</strong></span> <span class='ocrx_word' id='word_1_41' title='bbox 950 825 1038 880; x_wconf 85' lang='lat' dir='ltr'><strong>certo</strong></span> <span class='ocrx_word' id='word_1_42' title='bbox 1059 814 1186 879; x_wconf 85' lang='lat' dir='ltr'><strong>efficere</strong></span> <span class='ocrx_word' id='word_1_43' title='bbox 1207 819 1378 904; x_wconf 86' lang='lat' dir='ltr'><strong>possimus.</strong></span> 
     </span>
    </p>

    <p class='ocr_par' dir='ltr' id='par_1_3' title="bbox 457 902 1127 1004">
     <span class='ocr_line' id='line_1_7' title="bbox 457 902 1127 1004; baseline -0.003 -20"><span class='ocrx_word' id='word_1_44' title='bbox 457 902 558 996; x_wconf 66' lang='grc' dir='ltr'><strong>κᾶλός</strong></span> <span class='ocrx_word' id='word_1_45' title='bbox 580 917 688 1004; x_wconf 77' lang='lat' dir='ltr'><strong>(Gra.⁴</strong></span> <span class='ocrx_word' id='word_1_46' title='bbox 712 919 788 1004; x_wconf 79' lang='grc'><strong>170)</strong></span> <span class='ocrx_word' id='word_1_47' title='bbox 915 939 991 984; x_wconf 89' lang='lat' dir='ltr'><strong>sscr.</strong></span> <span class='ocrx_word' id='word_1_48' title='bbox 1013 917 1127 1002; x_wconf 78' lang='lat' dir='ltr'><strong>lealyaa</strong></span> 
     </span>
    </p>

    <p class='ocr_par' dir='ltr' id='par_1_4' title="bbox 455 1020 1167 1107">
     <span class='ocr_line' id='line_1_8' title="bbox 455 1020 1167 1107; baseline -0.004 -18"><span class='ocrx_word' id='word_1_49' title='bbox 455 1025 575 1107; x_wconf 76' lang='grc' dir='ltr'><strong><em>μέσσος</em></strong></span> <span class='ocrx_word' id='word_1_50' title='bbox 914 1042 990 1086; x_wconf 89' lang='lat' dir='ltr'><strong>sscr.</strong></span> <span class='ocrx_word' id='word_1_51' title='bbox 1013 1020 1167 1106; x_wconf 73' lang='lat' dir='ltr'><strong>mudbyaa</strong></span> 
     </span>
    </p>

    <p class='ocr_par' dir='ltr' id='par_1_5' title="bbox 457 1118 1078 1203">
     <span class='ocr_line' id='line_1_9' title="bbox 457 1118 1078 1203; baseline -0.008 -10"><span class='ocrx_word' id='word_1_52' title='bbox 457 1118 558 1203; x_wconf 74' lang='grc' dir='ltr'><strong><em>ἄλλος</em></strong></span> <span class='ocrx_word' id='word_1_53' title='bbox 916 1121 970 1188; x_wconf 89' lang='lat' dir='ltr'><strong>lat.</strong></span> <span class='ocrx_word' id='word_1_54' title='bbox 993 1125 1078 1189; x_wconf 69' lang='lat' dir='ltr'><strong>alaisa</strong></span> 
     </span>
    </p>
   </div>
   <div class='ocr_carea' id='block_1_3' title="bbox 457 1225 1177 1373">
    <p class='ocr_par' dir='ltr' id='par_1_6' title="bbox 457 1225 1177 1373">
     <span class='ocr_line' id='line_1_10' title="bbox 457 1225 1177 1373; baseline -0.006 -20"><span class='ocrx_word' id='word_1_55' title='bbox 457 1288 552 1365; x_wconf 63' lang='grc' dir='ltr'><strong><em>πεζός</em></strong></span> <span class='ocrx_word' id='word_1_56' title='bbox 574 1287 674 1373; x_wconf 71' lang='lat' dir='ltr'><strong>(sicr</strong></span> <span class='ocrx_word' id='word_1_57' title='bbox 698 1285 748 1350; x_wconf 77' lang='grc' dir='ltr'><strong>ιο</strong></span> <span class='ocrx_word' id='word_1_58' title='bbox 771 1287 847 1370; x_wconf 82' lang='lat'>156)</span> <span class='ocrx_word' id='word_1_59' title='bbox 915 1225 969 1291; x_wconf 63' lang='lat'><strong>¹³¹·</strong></span> <span class='ocrx_word' id='word_1_60' title='bbox 992 1227 1177 1312; x_wconf 53' lang='lat' dir='ltr'><strong>“ffl&#39;ffllw</strong></span> 
     </span>
    </p>
   </div>
   <div class='ocr_carea' id='block_1_4' title="bbox 458 1331 1150 1517">
    <p class='ocr_par' dir='ltr' id='par_1_7' title="bbox 458 1331 1150 1517">
     <span class='ocr_line' id='line_1_11' title="bbox 917 1331 1150 1416; baseline 0.013 -24"><span class='ocrx_word' id='word_1_61' title='bbox 917 1350 994 1397; x_wconf 85' lang='lat' dir='ltr'><strong>sscr.</strong></span> <span class='ocrx_word' id='word_1_62' title='bbox 1012 1331 1150 1416; x_wconf 71' lang='lat' dir='ltr'><strong>pudyus,</strong></span> 
     </span>
     <span class='ocr_line' id='line_1_12' title="bbox 458 1432 786 1517; baseline 0.006 -21"><span class='ocrx_word' id='word_1_63' title='bbox 458 1432 537 1497; x_wconf 88' lang='lat' dir='ltr'><strong>aeol.</strong></span> <span class='ocrx_word' id='word_1_64' title='bbox 557 1435 680 1517; x_wconf 74' lang='grc' dir='ltr'><strong><em>κέννος,</em></strong></span> <span class='ocrx_word' id='word_1_65' title='bbox 702 1432 786 1498; x_wconf 84' lang='lat' dir='ltr'><strong>bom.</strong></span> 
     </span>
    </p>
   </div>
   <div class='ocr_carea' id='block_1_5' title="bbox 457 1498 1158 1620">
    <p class='ocr_par' dir='ltr' id='par_1_8' title="bbox 457 1498 1158 1620">
     <span class='ocr_line' id='line_1_13' title="bbox 457 1498 1158 1620; baseline 0.001 -20"><span class='ocrx_word' id='word_1_66' title='bbox 457 1530 573 1618; x_wconf 74' lang='grc' dir='ltr'><strong><em>κοινός,</em></strong></span> <span class='ocrx_word' id='word_1_67' title='bbox 597 1544 653 1620; x_wconf 86' lang='lat' dir='ltr'><strong>att,</strong></span> <span class='ocrx_word' id='word_1_68' title='bbox 675 1530 767 1612; x_wconf 71' lang='grc' dir='ltr'><strong><em>κενός</em></strong></span> <span class='ocrx_word' id='word_1_69' title='bbox 937 1515 1012 1560; x_wconf 58' lang='lat' dir='ltr'>⁸⁵⁰r&#39;</span> <span class='ocrx_word' id='word_1_70' title='bbox 1036 1498 1158 1578; x_wconf 47' lang='lat' dir='ltr'><strong>iani&amp;</strong></span> 
     </span>
    </p>
   </div>
   <div class='ocr_carea' id='block_1_6' title="bbox 918 1639 1084 1825">
    <p class='ocr_par' dir='ltr' id='par_1_9' title="bbox 918 1639 1084 1825">
     <span class='ocr_line' id='line_1_14' title="bbox 918 1639 1084 1704; baseline -0.012 -1"><span class='ocrx_word' id='word_1_71' title='bbox 918 1660 991 1704; x_wconf 87' lang='lat' dir='ltr'><strong>sscr.</strong></span> <span class='ocrx_word' id='word_1_72' title='bbox 1015 1639 1084 1702; x_wconf 68' lang='lat' dir='ltr'><strong>kari</strong></span> 
     </span>
     <span class='ocr_line' id='line_1_15' title="bbox 918 1741 1067 1825; baseline -0.007 -22"><span class='ocrx_word' id='word_1_73' title='bbox 918 1741 969 1805; x_wconf 86' lang='lat' dir='ltr'><strong>lat.</strong></span> <span class='ocrx_word' id='word_1_74' title='bbox 993 1754 1067 1825; x_wconf 81' lang='lat' dir='ltr'><strong>qaut</strong></span> 
     </span>
    </p>
   </div>
   <div class='ocr_carea' id='block_1_7' title="bbox 459 1643 917 1844">
    <p class='ocr_par' dir='ltr' id='par_1_10' title="bbox 459 1643 917 1844">
     <span class='ocr_line' id='line_1_16' title="bbox 459 1643 917 1844; baseline 0 -79"><span class='ocrx_word' id='word_1_75' title='bbox 459 1689 564 1774; x_wconf 78' lang='grc' dir='ltr'><strong><em>πόσος</em></strong></span> <span class='ocrx_word' id='word_1_76' title='bbox 585 1690 711 1786; x_wconf 82' lang='grc' dir='ltr'><strong>(κόσος)</strong></span> <span class='ocrx_word' id='word_1_77' title='bbox 906 1643 917 1844; x_wconf 67' lang='lat' dir='ltr'><strong>j</strong></span> 
     </span>
    </p>
   </div>
   <div class='ocr_carea' id='block_1_8' title="bbox 457 1840 908 1932">
    <p class='ocr_par' dir='ltr' id='par_1_11' title="bbox 457 1840 908 1932">
     <span class='ocr_line' id='line_1_17' title="bbox 457 1840 908 1932; baseline -0.002 -23"><span class='ocrx_word' id='word_1_78' title='bbox 457 1866 562 1932; x_wconf 90' lang='lat' dir='ltr'><strong>neque</strong></span> <span class='ocrx_word' id='word_1_79' title='bbox 585 1844 676 1910; x_wconf 84' lang='lat' dir='ltr'><strong>aliter</strong></span> <span class='ocrx_word' id='word_1_80' title='bbox 699 1840 807 1928; x_wconf 65' lang='grc' dir='ltr'><strong><em>τόσος]</em></strong></span> <span class='ocrx_word' id='word_1_81' title='bbox 830 1841 908 1918; x_wconf 82' lang='grc' dir='ltr'><strong><em>ὅσος</em></strong></span> 
     </span>
    </p>
   </div>
   <div class='ocr_carea' id='block_1_9' title="bbox 279 2044 1380 4300">
    <p class='ocr_par' dir='ltr' id='par_1_12' title="bbox 279 2044 1380 4300">
     <span class='ocr_line' id='line_1_18' title="bbox 457 2044 1104 2133; baseline -0.009 -17"><span class='ocrx_word' id='word_1_82' title='bbox 457 2045 591 2133; x_wconf 74' lang='grc' dir='ltr'><strong><em>γνήσιος</em></strong></span> <span class='ocrx_word' id='word_1_83' title='bbox 845 2044 848 2055; x_wconf 86' lang='grc'><strong>’</strong></span> <span class='ocrx_word' id='word_1_84' title='bbox 917 2065 993 2111; x_wconf 84' lang='lat' dir='ltr'><strong>sscr.</strong></span> <span class='ocrx_word' id='word_1_85' title='bbox 1009 2050 1104 2132; x_wconf 77' lang='lat' dir='ltr'><strong>jdcya</strong></span> 
     </span>
     <span class='ocr_line' id='line_1_19' title="bbox 459 2147 1170 2238; baseline -0.007 -20"><span class='ocrx_word' id='word_1_86' title='bbox 459 2147 642 2238; x_wconf 75' lang='grc' dir='ltr'><strong><em>ἀμβρόσιος</em></strong></span> <span class='ocrx_word' id='word_1_87' title='bbox 915 2169 991 2215; x_wconf 86' lang='lat' dir='ltr'><strong>sscr.</strong></span> <span class='ocrx_word' id='word_1_88' title='bbox 1013 2162 1170 2236; x_wconf 80' lang='lat' dir='ltr'><strong>a·martya</strong></span> 
     </span>
     <span class='ocr_line' id='line_1_20' title="bbox 460 2249 1100 2342; baseline -0.002 -24"><span class='ocrx_word' id='word_1_89' title='bbox 460 2249 575 2330; x_wconf 78' lang='grc' dir='ltr'><em>ἀντίος</em></span> <span class='ocrx_word' id='word_1_90' title='bbox 596 2255 695 2342; x_wconf 77' lang='lat' dir='ltr'><strong>(Fiek</strong></span> <span class='ocrx_word' id='word_1_91' title='bbox 718 2254 770 2319; x_wconf 79' lang='lat'><strong>11³</strong></span> <span class='ocrx_word' id='word_1_92' title='bbox 793 2255 846 2340; x_wconf 80' lang='grc'><strong>17)</strong></span> <span class='ocrx_word' id='word_1_93' title='bbox 918 2252 971 2319; x_wconf 88' lang='lat' dir='ltr'><strong>lat.</strong></span> <span class='ocrx_word' id='word_1_94' title='bbox 994 2254 1100 2318; x_wconf 61' lang='lat' dir='ltr'><strong>unaue</strong></span> 
     </span>
     <span class='ocr_line' id='line_1_21' title="bbox 459 2354 1173 2446; baseline 0.003 -25"><span class='ocrx_word' id='word_1_95' title='bbox 459 2354 625 2443; x_wconf 79' lang='grc' dir='ltr'><strong><em>ὲμετήριος</em></strong></span> <span class='ocrx_word' id='word_1_96' title='bbox 641 2358 738 2446; x_wconf 82' lang='lat' dir='ltr'><strong>(Fick</strong></span> <span class='ocrx_word' id='word_1_97' title='bbox 755 2357 896 2442; x_wconf 72' lang='grc'><strong>113246)</strong></span> <span class='ocrx_word' id='word_1_98' title='bbox 918 2357 972 2421; x_wconf 89' lang='lat' dir='ltr'><strong>lat.</strong></span> <span class='ocrx_word' id='word_1_99' title='bbox 995 2356 1173 2423; x_wconf 70' lang='lat' dir='ltr'><strong>vomitorius</strong></span> 
     </span>
     <span class='ocr_line' id='line_1_22' title="bbox 375 2457 1380 2546; baseline -0.004 -23"><span class='ocrx_word' id='word_1_100' title='bbox 375 2458 495 2540; x_wconf 81' lang='lat' dir='ltr'><strong>Quoad</strong></span> <span class='ocrx_word' id='word_1_101' title='bbox 518 2468 646 2526; x_wconf 89' lang='lat' dir='ltr'><strong>constat</strong></span> <span class='ocrx_word' id='word_1_102' title='bbox 668 2484 709 2527; x_wconf 86' lang='lat' dir='ltr'><strong>ex</strong></span> <span class='ocrx_word' id='word_1_103' title='bbox 730 2460 780 2527; x_wconf 92' lang='lat' dir='ltr'><strong>bis</strong></span> <span class='ocrx_word' id='word_1_104' title='bbox 802 2461 915 2546; x_wconf 81' lang='lat' dir='ltr'><strong>paucis</strong></span> <span class='ocrx_word' id='word_1_105' title='bbox 937 2460 1092 2546; x_wconf 88' lang='lat' dir='ltr'><strong>exemplis</strong></span> <span class='ocrx_word' id='word_1_106' title='bbox 1107 2457 1307 2539; x_wconf 76' lang='lat' dir='ltr'><strong>concludere,</strong></span> <span class='ocrx_word' id='word_1_107' title='bbox 1328 2457 1380 2520; x_wconf 87' lang='lat' dir='ltr'><strong>lex</strong></span> 
     </span>
     <span class='ocr_line' id='line_1_23' title="bbox 286 2557 1380 2648; baseline -0.003 -22"><span class='ocrx_word' id='word_1_108' title='bbox 286 2561 418 2626; x_wconf 89' lang='lat' dir='ltr'><strong>videtur</strong></span> <span class='ocrx_word' id='word_1_109' title='bbox 439 2585 479 2628; x_wconf 86' lang='lat' dir='ltr'><strong>ea</strong></span> <span class='ocrx_word' id='word_1_110' title='bbox 501 2585 582 2648; x_wconf 87' lang='lat' dir='ltr'><strong>esse,</strong></span> <span class='ocrx_word' id='word_1_111' title='bbox 605 2575 641 2630; x_wconf 89' lang='lat' dir='ltr'><strong>ut</strong></span> <span class='ocrx_word' id='word_1_112' title='bbox 662 2564 849 2630; x_wconf 83' lang='lat' dir='ltr'><strong>assimilatio</strong></span> <span class='ocrx_word' id='word_1_113' title='bbox 872 2585 937 2629; x_wconf 90' lang='lat' dir='ltr'><strong>non</strong></span> <span class='ocrx_word' id='word_1_114' title='bbox 958 2562 1024 2646; x_wconf 90' lang='lat' dir='ltr'><strong>fiat,</strong></span> <span class='ocrx_word' id='word_1_115' title='bbox 1046 2562 1103 2627; x_wconf 91' lang='lat' dir='ltr'><strong>ubi</strong></span> <span class='ocrx_word' id='word_1_116' title='bbox 1125 2572 1200 2626; x_wconf 92' lang='lat' dir='ltr'><strong>ante</strong></span> <span class='ocrx_word' id='word_1_117' title='bbox 1222 2586 1235 2624; x_wconf 84' lang='grc' dir='ltr'><strong><em>ι</em></strong></span> <span class='ocrx_word' id='word_1_118' title='bbox 1253 2557 1380 2646; x_wconf 84' lang='lat' dir='ltr'><strong>syllaba</strong></span> 
     </span>
     <span class='ocr_line' id='line_1_24' title="bbox 288 2662 1379 2752; baseline -0.001 -25"><span class='ocrx_word' id='word_1_119' title='bbox 288 2663 447 2750; x_wconf 85' lang='lat' dir='ltr'><strong>producta</strong></span> <span class='ocrx_word' id='word_1_120' title='bbox 477 2668 584 2752; x_wconf 88' lang='lat' dir='ltr'><strong>posita</strong></span> <span class='ocrx_word' id='word_1_121' title='bbox 607 2671 656 2733; x_wconf 89' lang='lat' dir='ltr'><strong>sit.</strong></span> <span class='ocrx_word' id='word_1_122' title='bbox 700 2666 795 2750; x_wconf 82' lang='lat' dir='ltr'><strong>Quod</strong></span> <span class='ocrx_word' id='word_1_123' title='bbox 818 2667 860 2731; x_wconf 89' lang='lat' dir='ltr'><strong>ad</strong></span> <span class='ocrx_word' id='word_1_124' title='bbox 883 2665 1153 2745; x_wconf 85' lang='lat' dir='ltr'><strong>confirmandum,</strong></span> <span class='ocrx_word' id='word_1_125' title='bbox 1182 2663 1221 2729; x_wconf 90' lang='lat' dir='ltr'><strong>de</strong></span> <span class='ocrx_word' id='word_1_126' title='bbox 1244 2662 1379 2748; x_wconf 87' lang='lat' dir='ltr'><strong>singulis</strong></span> 
     </span>
     <span class='ocr_line' id='line_1_25' title="bbox 286 2767 1379 2859; baseline -0.001 -28"><span class='ocrx_word' id='word_1_127' title='bbox 286 2788 392 2852; x_wconf 86' lang='lat' dir='ltr'><strong>pauca</strong></span> <span class='ocrx_word' id='word_1_128' title='bbox 423 2767 560 2835; x_wconf 88' lang='lat' dir='ltr'><strong>dicenda</strong></span> <span class='ocrx_word' id='word_1_129' title='bbox 582 2782 664 2837; x_wconf 88' lang='lat' dir='ltr'><strong>sunt.</strong></span> <span class='ocrx_word' id='word_1_130' title='bbox 709 2773 759 2836; x_wconf 91' lang='lat' dir='ltr'><strong>Ac</strong></span> <span class='ocrx_word' id='word_1_131' title='bbox 780 2773 919 2859; x_wconf 88' lang='lat' dir='ltr'><strong>primum</strong></span> <span class='ocrx_word' id='word_1_132' title='bbox 940 2769 1070 2858; x_wconf 87' lang='lat' dir='ltr'><strong>quidem</strong></span> <span class='ocrx_word' id='word_1_133' title='bbox 1093 2767 1239 2854; x_wconf 88' lang='lat' dir='ltr'><strong>exempla</strong></span> <span class='ocrx_word' id='word_1_134' title='bbox 1262 2767 1379 2847; x_wconf 88' lang='lat' dir='ltr'><strong>omnia,</strong></span> 
     </span>
     <span class='ocr_line' id='line_1_26' title="bbox 285 2871 1379 2959; baseline 0.004 -26"><span class='ocrx_word' id='word_1_135' title='bbox 285 2871 322 2934; x_wconf 91' lang='lat' dir='ltr'><strong>in</strong></span> <span class='ocrx_word' id='word_1_136' title='bbox 351 2872 467 2957; x_wconf 92' lang='lat' dir='ltr'><strong>quibus</strong></span> <span class='ocrx_word' id='word_1_137' title='bbox 498 2874 685 2941; x_wconf 86' lang='lat' dir='ltr'><strong>assimilatio</strong></span> <span class='ocrx_word' id='word_1_138' title='bbox 712 2875 800 2940; x_wconf 87' lang='lat' dir='ltr'><strong>facta</strong></span> <span class='ocrx_word' id='word_1_139' title='bbox 830 2886 893 2955; x_wconf 90' lang='lat' dir='ltr'><strong>est,</strong></span> <span class='ocrx_word' id='word_1_140' title='bbox 921 2894 1035 2938; x_wconf 85' lang='lat' dir='ltr'><strong>revera</strong></span> <span class='ocrx_word' id='word_1_141' title='bbox 1064 2872 1194 2937; x_wconf 85' lang='lat' dir='ltr'><strong>brevem</strong></span> <span class='ocrx_word' id='word_1_142' title='bbox 1218 2871 1379 2959; x_wconf 85' lang='lat' dir='ltr'><strong>syllabam</strong></span> 
     </span>
     <span class='ocr_line' id='line_1_27' title="bbox 287 2974 1380 3067; baseline 0.004 -29"><span class='ocrx_word' id='word_1_143' title='bbox 287 2983 362 3039; x_wconf 89' lang='lat' dir='ltr'><strong>ante</strong></span> <span class='ocrx_word' id='word_1_144' title='bbox 403 2999 434 3040; x_wconf 86' lang='grc' dir='ltr'><strong>ιο</strong></span> <span class='ocrx_word' id='word_1_145' title='bbox 477 2975 627 3043; x_wconf 89' lang='lat' dir='ltr'><strong>videntur</strong></span> <span class='ocrx_word' id='word_1_146' title='bbox 668 2977 804 3060; x_wconf 73' lang='lat' dir='ltr'><strong>habere,</strong></span> <span class='ocrx_word' id='word_1_147' title='bbox 849 2977 935 3067; x_wconf 90' lang='lat' dir='ltr'><strong>quod</strong></span> <span class='ocrx_word' id='word_1_148' title='bbox 977 2974 1108 3063; x_wconf 88' lang='lat' dir='ltr'><strong>quidem</strong></span> <span class='ocrx_word' id='word_1_149' title='bbox 1144 2997 1242 3039; x_wconf 88' lang='lat' dir='ltr'><strong>unum</strong></span> <span class='ocrx_word' id='word_1_150' title='bbox 1278 2986 1380 3042; x_wconf 88' lang='lat' dir='ltr'><strong>restat</strong></span> 
     </span>
     <span class='ocr_line' id='line_1_28' title="bbox 287 3078 1378 3167; baseline 0.001 -27"><span class='ocrx_word' id='word_1_151' title='bbox 287 3078 519 3165; x_wconf 84' lang='lat' dir='ltr'><strong>adjectivorum</strong></span> <span class='ocrx_word' id='word_1_152' title='bbox 553 3102 612 3167; x_wconf 90' lang='lat' dir='ltr'><strong>per</strong></span> <span class='ocrx_word' id='word_1_153' title='bbox 645 3082 906 3147; x_wconf 87' lang='lat' dir='ltr'><strong>assimilationem</strong></span> <span class='ocrx_word' id='word_1_154' title='bbox 940 3080 1148 3145; x_wconf 88' lang='lat' dir='ltr'><strong>formatorum</strong></span> <span class='ocrx_word' id='word_1_155' title='bbox 1183 3099 1282 3164; x_wconf 89' lang='lat' dir='ltr'><strong>supra</strong></span> <span class='ocrx_word' id='word_1_156' title='bbox 1314 3101 1378 3144; x_wconf 90' lang='lat' dir='ltr'><strong>non</strong></span> 
     </span>
     <span class='ocr_line' id='line_1_29' title="bbox 287 3178 1379 3271; baseline 0.004 -29"><span class='ocrx_word' id='word_1_157' title='bbox 287 3179 419 3244; x_wconf 88' lang='lat' dir='ltr'><strong>allatum</strong></span> <span class='ocrx_word' id='word_1_158' title='bbox 461 3181 514 3267; x_wconf 82' lang='lat' dir='ltr'><strong>(cf.</strong></span> <span class='ocrx_word' id='word_1_159' title='bbox 554 3207 584 3270; x_wconf 91' lang='lat' dir='ltr'><strong>p.</strong></span> <span class='ocrx_word' id='word_1_160' title='bbox 624 3185 679 3270; x_wconf 82' lang='lat'><strong>53)</strong></span> <span class='ocrx_word' id='word_1_161' title='bbox 719 3180 818 3271; x_wconf 78' lang='grc' dir='ltr'><em>ῥῦσός</em></span> <span class='ocrx_word' id='word_1_162' title='bbox 858 3183 997 3269; x_wconf 85' lang='lat' dir='ltr'><strong>(Benfey</strong></span> <span class='ocrx_word' id='word_1_163' title='bbox 1036 3180 1069 3245; x_wconf 95' lang='lat' dir='ltr'><strong>II</strong></span> <span class='ocrx_word' id='word_1_164' title='bbox 1109 3180 1170 3246; x_wconf 79' lang='lat'><strong>317</strong></span> <span class='ocrx_word' id='word_1_165' title='bbox 1212 3178 1379 3268; x_wconf 71' lang='grc' dir='ltr'><strong>ῥοσοόςῖ),</strong></span> 
     </span>
     <span class='ocr_line' id='line_1_30' title="bbox 285 3281 1378 3375; baseline 0.005 -29"><span class='ocrx_word' id='word_1_166' title='bbox 285 3281 475 3368; x_wconf 87' lang='lat' dir='ltr'><strong>productam</strong></span> <span class='ocrx_word' id='word_1_167' title='bbox 505 3284 604 3350; x_wconf 89' lang='lat' dir='ltr'><strong>habet</strong></span> <span class='ocrx_word' id='word_1_168' title='bbox 632 3286 791 3375; x_wconf 86' lang='lat' dir='ltr'><strong>syllabam</strong></span> <span class='ocrx_word' id='word_1_169' title='bbox 817 3290 973 3373; x_wconf 81' lang='lat' dir='ltr'><strong>priorem,</strong></span> <span class='ocrx_word' id='word_1_170' title='bbox 1002 3307 1065 3372; x_wconf 88' lang='lat' dir='ltr'><strong>quo</strong></span> <span class='ocrx_word' id='word_1_171' title='bbox 1094 3293 1203 3349; x_wconf 89' lang='lat' dir='ltr'><strong>tamen</strong></span> <span class='ocrx_word' id='word_1_172' title='bbox 1232 3308 1284 3350; x_wconf 87' lang='lat' dir='ltr'><strong>res</strong></span> <span class='ocrx_word' id='word_1_173' title='bbox 1314 3308 1378 3351; x_wconf 88' lang='lat' dir='ltr'><strong>non</strong></span> 
     </span>
     <span class='ocr_line' id='line_1_31' title="bbox 284 3384 1377 3475; baseline 0.005 -26"><span class='ocrx_word' id='word_1_174' title='bbox 284 3384 516 3467; x_wconf 61' lang='lat' dir='ltr'><strong>labefactatum</strong></span> <span class='ocrx_word' id='word_1_175' title='bbox 550 3410 623 3452; x_wconf 89' lang='lat' dir='ltr'><strong>cum</strong></span> <span class='ocrx_word' id='word_1_176' title='bbox 653 3390 739 3454; x_wconf 92' lang='lat' dir='ltr'><strong>enim</strong></span> <span class='ocrx_word' id='word_1_177' title='bbox 769 3390 830 3455; x_wconf 91' lang='lat' dir='ltr'><strong>boc</strong></span> <span class='ocrx_word' id='word_1_178' title='bbox 859 3388 1051 3455; x_wconf 86' lang='lat' dir='ltr'><strong>vocabulum</strong></span> <span class='ocrx_word' id='word_1_179' title='bbox 1082 3408 1156 3451; x_wconf 89' lang='lat' dir='ltr'><strong>eum</strong></span> <span class='ocrx_word' id='word_1_180' title='bbox 1183 3384 1276 3475; x_wconf 77' lang='grc' dir='ltr'><strong>ῥῦτίς</strong></span> <span class='ocrx_word' id='word_1_181' title='bbox 1302 3409 1377 3454; x_wconf 89' lang='lat' dir='ltr'><strong>con-</strong></span> 
     </span>
     <span class='ocr_line' id='line_1_32' title="bbox 279 3489 1377 3579; baseline 0.004 -25"><span class='ocrx_word' id='word_1_182' title='bbox 279 3489 456 3576; x_wconf 86' lang='lat' dir='ltr'><strong>jungatur,</strong></span> <span class='ocrx_word' id='word_1_183' title='bbox 485 3492 658 3557; x_wconf 85' lang='lat' dir='ltr'><strong>verisimile</strong></span> <span class='ocrx_word' id='word_1_184' title='bbox 687 3502 752 3575; x_wconf 90' lang='lat' dir='ltr'><strong>est,</strong></span> <span class='ocrx_word' id='word_1_185' title='bbox 780 3493 973 3579; x_wconf 87' lang='lat' dir='ltr'><strong>productum</strong></span> <span class='ocrx_word' id='word_1_186' title='bbox 1000 3512 1021 3554; x_wconf 85' lang='lat' dir='ltr'><strong><em>v</em></strong></span> <span class='ocrx_word' id='word_1_187' title='bbox 1046 3490 1197 3578; x_wconf 77' lang='lat' dir='ltr'><strong>adjectivi</strong></span> <span class='ocrx_word' id='word_1_188' title='bbox 1219 3514 1284 3557; x_wconf 81' lang='lat' dir='ltr'><strong>non</strong></span> <span class='ocrx_word' id='word_1_189' title='bbox 1306 3514 1377 3558; x_wconf 89' lang='lat' dir='ltr'><strong>esse</strong></span> 
     </span>
     <span class='ocr_line' id='line_1_33' title="bbox 286 3594 1377 3682; baseline 0.003 -25"><span class='ocrx_word' id='word_1_190' title='bbox 286 3595 499 3682; x_wconf 66' lang='lat' dir='ltr'><strong>primitivum</strong></span> <span class='ocrx_word' id='word_1_191' title='bbox 527 3595 663 3681; x_wconf 90' lang='lat' dir='ltr'><strong>denique</strong></span> <span class='ocrx_word' id='word_1_192' title='bbox 685 3595 765 3661; x_wconf 88' lang='lat' dir='ltr'><strong>haec</strong></span> <span class='ocrx_word' id='word_1_193' title='bbox 787 3595 984 3682; x_wconf 88' lang='lat' dir='ltr'><strong>etymologia</strong></span> <span class='ocrx_word' id='word_1_194' title='bbox 1004 3616 1070 3659; x_wconf 90' lang='lat' dir='ltr'><strong>non</strong></span> <span class='ocrx_word' id='word_1_195' title='bbox 1093 3595 1161 3660; x_wconf 89' lang='lat' dir='ltr'><strong>sine</strong></span> <span class='ocrx_word' id='word_1_196' title='bbox 1177 3594 1377 3661; x_wconf 81' lang='lat' dir='ltr'><strong>dubitatione</strong></span> 
     </span>
     <span class='ocr_line' id='line_1_34' title="bbox 285 3694 1378 3788; baseline 0 -25"><span class='ocrx_word' id='word_1_197' title='bbox 285 3699 363 3784; x_wconf 88' lang='lat' dir='ltr'><strong>poni</strong></span> <span class='ocrx_word' id='word_1_198' title='bbox 383 3707 496 3783; x_wconf 88' lang='lat' dir='ltr'><strong>potest.</strong></span> <span class='ocrx_word' id='word_1_199' title='bbox 536 3694 642 3774; x_wconf 78' lang='grc' dir='ltr'><strong><em>Κενός</em></strong></span> <span class='ocrx_word' id='word_1_200' title='bbox 663 3698 780 3765; x_wconf 88' lang='lat' dir='ltr'><strong>deinde</strong></span> <span class='ocrx_word' id='word_1_201' title='bbox 802 3710 973 3788; x_wconf 86' lang='lat' dir='ltr'><strong>propterea</strong></span> <span class='ocrx_word' id='word_1_202' title='bbox 995 3720 1059 3763; x_wconf 89' lang='lat' dir='ltr'><strong>non</strong></span> <span class='ocrx_word' id='word_1_203' title='bbox 1075 3698 1279 3779; x_wconf 81' lang='lat' dir='ltr'><strong>exclusimus,</strong></span> <span class='ocrx_word' id='word_1_204' title='bbox 1302 3699 1378 3784; x_wconf 87' lang='lat' dir='ltr'><strong>quia</strong></span> 
     </span>
     <span class='ocr_line' id='line_1_35' title="bbox 287 3801 1377 3891; baseline 0.002 -26"><span class='ocrx_word' id='word_1_205' title='bbox 287 3801 380 3865; x_wconf 91' lang='lat' dir='ltr'><strong>nobis</strong></span> <span class='ocrx_word' id='word_1_206' title='bbox 403 3821 594 3887; x_wconf 88' lang='lat' dir='ltr'><strong>persuasum</strong></span> <span class='ocrx_word' id='word_1_207' title='bbox 618 3813 683 3887; x_wconf 89' lang='lat' dir='ltr'><strong>est,</strong></span> <span class='ocrx_word' id='word_1_208' title='bbox 705 3804 766 3870; x_wconf 92' lang='lat' dir='ltr'><strong>boo</strong></span> <span class='ocrx_word' id='word_1_209' title='bbox 789 3804 982 3891; x_wconf 82' lang='lat' dir='ltr'><strong>adjectivum</strong></span> <span class='ocrx_word' id='word_1_210' title='bbox 1006 3802 1132 3866; x_wconf 88' lang='lat' dir='ltr'><strong>etiamsi</strong></span> <span class='ocrx_word' id='word_1_211' title='bbox 1153 3803 1290 3869; x_wconf 86' lang='lat' dir='ltr'><strong>fortasse</strong></span> <span class='ocrx_word' id='word_1_212' title='bbox 1312 3825 1377 3867; x_wconf 91' lang='lat' dir='ltr'><strong>non</strong></span> 
     </span>
     <span class='ocr_line' id='line_1_36' title="bbox 286 3903 1376 3990; baseline 0.004 -22"><span class='ocrx_word' id='word_1_213' title='bbox 286 3912 388 3968; x_wconf 84' lang='lat' dir='ltr'><strong>tolum</strong></span> <span class='ocrx_word' id='word_1_214' title='bbox 418 3903 557 3990; x_wconf 88' lang='lat' dir='ltr'><strong>quadrat</strong></span> <span class='ocrx_word' id='word_1_215' title='bbox 586 3904 783 3971; x_wconf 89' lang='lat' dir='ltr'><strong>adverbum</strong></span> <span class='ocrx_word' id='word_1_216' title='bbox 807 3928 898 3988; x_wconf 86' lang='lat' dir='ltr'><strong>sscr.,</strong></span> <span class='ocrx_word' id='word_1_217' title='bbox 927 3914 1035 3971; x_wconf 88' lang='lat' dir='ltr'><strong>tamen</strong></span> <span class='ocrx_word' id='word_1_218' title='bbox 1057 3907 1294 3971; x_wconf 87' lang='lat' dir='ltr'><strong>vetustissimae</strong></span> <span class='ocrx_word' id='word_1_219' title='bbox 1316 3908 1376 3971; x_wconf 92' lang='lat' dir='ltr'><strong>ori·</strong></span> 
     </span>
     <span class='ocr_line' id='line_1_37' title="bbox 285 4005 1377 4094; baseline 0.005 -25"><span class='ocrx_word' id='word_1_220' title='bbox 285 4005 371 4090; x_wconf 87' lang='lat' dir='ltr'><strong>ginis</strong></span> <span class='ocrx_word' id='word_1_221' title='bbox 394 4028 479 4083; x_wconf 82' lang='lat' dir='ltr'><strong>esse3</strong></span> <span class='ocrx_word' id='word_1_222' title='bbox 509 4029 592 4094; x_wconf 88' lang='lat' dir='ltr'><strong>quae</strong></span> <span class='ocrx_word' id='word_1_223' title='bbox 615 4011 775 4073; x_wconf 88' lang='lat' dir='ltr'><strong>sententia</strong></span> <span class='ocrx_word' id='word_1_224' title='bbox 796 4009 1003 4074; x_wconf 88' lang='lat' dir='ltr'><strong>confirmatur</strong></span> <span class='ocrx_word' id='word_1_225' title='bbox 1025 4009 1136 4074; x_wconf 83' lang='lat' dir='ltr'><strong>formis</strong></span> <span class='ocrx_word' id='word_1_226' title='bbox 1159 4009 1377 4088; x_wconf 88' lang='lat' dir='ltr'><strong>dialectorum,</strong></span> 
     </span>
     <span class='ocr_line' id='line_1_38' title="bbox 285 4108 1377 4199; baseline 0.005 -26"><span class='ocrx_word' id='word_1_227' title='bbox 285 4130 326 4173; x_wconf 87' lang='lat' dir='ltr'><strong>ex</strong></span> <span class='ocrx_word' id='word_1_228' title='bbox 349 4108 464 4195; x_wconf 90' lang='lat' dir='ltr'><strong>quibus</strong></span> <span class='ocrx_word' id='word_1_229' title='bbox 487 4111 623 4176; x_wconf 87' lang='lat' dir='ltr'><strong>formam</strong></span> <span class='ocrx_word' id='word_1_230' title='bbox 644 4114 831 4198; x_wconf 84' lang='lat' dir='ltr'><strong>primariam</strong></span> <span class='ocrx_word' id='word_1_231' title='bbox 853 4136 874 4178; x_wconf 87' lang='lat' dir='ltr'><strong>a</strong></span> <span class='ocrx_word' id='word_1_232' title='bbox 895 4111 1053 4178; x_wconf 91' lang='lat' dir='ltr'><strong>vocabulo</strong></span> <span class='ocrx_word' id='word_1_233' title='bbox 1073 4134 1161 4178; x_wconf 90' lang='lat' dir='ltr'><strong>sscro</strong></span> <span class='ocrx_word' id='word_1_234' title='bbox 1176 4112 1377 4199; x_wconf 86' lang='lat' dir='ltr'><strong>aliquantum</strong></span> 
     </span>
     <span class='ocr_line' id='line_1_39' title="bbox 286 4211 1377 4300; baseline 0.005 -23"><span class='ocrx_word' id='word_1_235' title='bbox 286 4211 511 4278; x_wconf 85' lang='lat' dir='ltr'><strong>abhorrentem</strong></span> <span class='ocrx_word' id='word_1_236' title='bbox 547 4212 673 4300; x_wconf 74' lang='lat' dir='ltr'><strong>lc‘auyas</strong></span> <span class='ocrx_word' id='word_1_237' title='bbox 708 4214 807 4279; x_wconf 86' lang='lat' dir='ltr'><strong>fuisse</strong></span> <span class='ocrx_word' id='word_1_238' title='bbox 840 4216 1003 4281; x_wconf 87' lang='lat' dir='ltr'><strong>concludo.</strong></span> <span class='ocrx_word' id='word_1_239' title='bbox 1059 4215 1232 4283; x_wconf 83' lang='lat' dir='ltr'><strong>Praeterea</strong></span> <span class='ocrx_word' id='word_1_240' title='bbox 1264 4239 1307 4283; x_wconf 83' lang='lat' dir='ltr'><strong>ex</strong></span> <span class='ocrx_word' id='word_1_241' title='bbox 1337 4219 1377 4282; x_wconf 93' lang='lat' dir='ltr'><strong>iis</strong></span> 
     </span>
    </p>
   </div>
   <div class='ocr_carea' id='block_1_10' title="bbox 0 0 1633 4822">
    <p class='ocr_par' dir='ltr' id='par_1_13' title="bbox 0 0 1633 4822">
     <span class='ocr_line' id='line_1_40' title="bbox 0 0 1633 4822; baseline 0 0"><span class='ocrx_word' id='word_1_242' title='bbox 0 0 1633 4822; x_wconf 95' lang='lat' dir='ltr'><strong> </strong></span> 
     </span>
    </p>
   </div>
  </div>
 </body>
</html>
