3256 4822
681 290 893 355 -4r-

242 463 434 548 significatio
456 463 525 550 ipsa
548 464 712 528 notionem
737 463 875 528 durandi
889 460 1038 528 excludit.
1075 460 1243 527 Summum
1258 482 1335 526 vcro

242 567 338 632 huius
361 568 409 633 rei
430 574 626 632 momentum
645 565 782 646 videtur,
803 565 890 653 quod
905 565 1028 630 formae
1042 562 1231 647 futurorum,
1254 582 1336 650 quas

242 672 510 745 enumeravimus,
534 668 575 733 ad
597 669 698 734 futuri
712 667 1039 735 formationem-nullo
1054 665 1150 733 modo
1166 667 1334 754 quadrant.

241 772 400 850 Futurum
431 773 500 838 eius
522 774 650 858 generis
671 779 804 860 putatur
825 767 898 838 σόω
921 771 969 858 (C.
992 771 1023 836 J.
1045 770 1101 838 Gr.
1124 771 1219 856 600),
1248 769 1335 857 quod

242 877 270 940 si
299 883 422 940 rectum
452 885 517 956 cst,
546 897 699 964 praesens
729 897 800 940 esse
828 875 957 940 videtur
985 882 1114 960 praeter
1140 865 1244 952 σώζω,
1278 871 1333 936 sed

242 988 375 1064 propter
403 978 488 1043 hanc
515 978 728 1044 differentiam
750 978 950 1043 formationis
974 976 1068 1040 alteri
1089 975 1213 1041 formae
1235 975 1335 1040 futuri

241 1082 331 1144 notio
364 1080 497 1147 attribui
529 1084 642 1170 potuit.
693 1082 769 1146 Alia
799 1079 956 1146 eiusmodi
984 1079 1185 1165 praesentia,
1219 1078 1335 1164 quibus

241 1183 329 1248 notio
351 1183 450 1248 futuri
471 1185 626 1250 attributa
649 1194 713 1263 est,
745 1185 827 1250 duco
849 1206 920 1248 csse
942 1176 1067 1249 ἀντιόω
1090 1181 1138 1266 (Ν
1158 1181 1253 1267 752),
1272 1184 1335 1265 plu

242 1285 343 1372 (apud
366 1288 516 1388 Atticos),
538 1289 682 1374 βείομαι,
702 1289 823 1373 βέομαι
845 1287 995 1371 ‚,vivam“
1016 1283 1157 1368 (0194),
1178 1282 1247 1362 ὃήω
1269 1284 1334 1366 „in-

242 1389 392 1453 veniam“
412 1390 467 1475 (N
481 1392 571 1476 260),
592 1392 676 1472 κείω,
698 1395 758 1456 κίω
780 1392 814 1477 (τ
841 1390 919 1472 340)
941 1388 1054 1474 „cupio
1077 1385 1246 1469 dormire“‚
1268 1408 1335 1473 κρε-

240 1491 312 1575 μόω
334 1493 384 1578 (Η
395 1494 459 1579 83),
481 1491 588 1579 κρεμῶ
609 1493 710 1580 (apud
724 1493 873 1578 Atticos),
896 1491 1023 1576 δαμόω,
1044 1490 1164 1574 <lapda
1179 1488 1335 1576 (Ψ271),

242 1615 347 1681 neque
369 1616 410 1660 ex
431 1596 474 1661 iis
495 1617 517 1661 o
537 1596 651 1662 elisum
674 1619 746 1662 esse
768 1595 915 1677 credam3
946 1592 1105 1659 Osthoffic
1127 1593 1227 1677 igitur
1249 1593 1334 1677 (ver-

244 1697 321 1762 bum
344 1700 409 1763 330
438 1700 499 1785 sq.)
529 1701 564 1763 in
592 1699 654 1766 hac
675 1722 710 1764 re
734 1696 924 1784 adstipulari
944 1718 1010 1762 non
1032 1718 1176 1784 possum,
1197 1696 1253 1782 qui
1271 1700 1335 1782 χίω

242 1808 300 1865 cet.
334 1802 481 1884 sigmatis
503 1803 634 1867 elisione
656 1812 736 1868 nata
757 1822 827 1866 esse
850 1798 1067 1881 contenderit3
1096 1787 1170 1863 nam
1193 1820 1267 1862 cum
1289 1800 1335 1863 vi-

244 1902 402 1988 derimus,
434 1906 516 1969 τελῶ
544 1913 604 1970 cet.
635 1906 815 1992 praesentis
837 1903 974 1967 formam
995 1901 1132 1984 habere,
1160 1922 1219 1966 cur
1240 1901 1336 1966 hieu

243 2007 355 2070 elisum
384 2027 456 2071 esse
484 2016 652 2093 putemus,
682 2029 756 2073 cum
786 2008 819 2071 in
847 2006 1032 2070 universum
1053 2005 1088 2068 in
1111 2003 1171 2068 hoc
1192 2013 1335 2090 tempore

243 2108 415 2174 seruetur?
462 2110 671 2199 Respondent
707 2118 815 2177 autem
849 2107 961 2173 horum
994 2107 1165 2173 verborum
1197 2106 1336 2193 plurima

241 2212 364 2277 notioni
381 2212 552 2279 verborum
567 2214 816 2301 perfectivorum
831 2211 1018 2292 Slavcrum3
1048 2209 1178 2295 sunt*):
1200 2205 1335 2292 ἀντιόω,

238 2319 319 2401 χέω,
349 2312 433 2394 driu,
461 2311 603 2403 κρεμόω,
630 2318 765 2402 δαμόω,
788 2316 878 2394 κείω,
898 2314 985 2399 quod
1005 2314 1035 2378 si
1057 2312 1280 2379 transferimus
1302 2314 1334 2378 in

241 2426 385 2483 nostram
414 2418 576 2504 linguam,
606 2443 666 2487 nos
695 2438 823 2505 quoque
852 2417 1015 2504 praesenti
1045 2424 1190 2502 tempore
1216 2418 1337 2481 utimur

241 2520 313 2603 „ich
344 2520 484 2606 begehrc
506 2543 547 2587 au
569 2522 709 2607 liegen“;
743 2522 846 2586 solum
868 2520 1003 2605 βείομαι
1024 2518 1066 2583 ad
1088 2517 1173 2584 hanc
1195 2519 1335 2607 explica·

242 2623 362 2689 tionem
384 2645 448 2690 non
469 2642 601 2712 prorsus
616 2625 762 2711 quadrat
801 2623 898 2689 Haud
913 2622 1006 2687 aliter
1020 2620 1176 2710 explicem
1192 2622 1336 2688 futurum

241 2731 352 2811 γαμέω
379 2728 497 2812 (forma
523 2720 662 2813 γαμήσω
684 2749 750 2793 non
773 2736 848 2791 ante
870 2723 1079 2790 Plutarchum
1101 2733 1134 2789 ct
1155 2724 1335 2791 Lucianum

241 2839 370 2917 reperta
391 2852 433 2897 ex
456 2832 606 2915 analogia
628 2832 764 2896 aliorum
787 2830 958 2894 verborum
981 2829 1015 2892 in
1038 2832 1093 2894 ·ίω
1108 2827 1247 2893 formata
1263 2831 1336 2916 est),

243 2933 328 3017 quod
352 2934 438 3018 apud
462 2933 557 2999 Hom.
581 2945 613 2998 et
634 2934 760 2999 Atticos
782 2932 908 3017 legitur.
950 2930 1024 2995 Hco
1045 2930 1181 2995 verbum
1205 2953 1334 2996 sensum

245 3033 430 3099 duratirum
452 3044 619 3121 tantopere
642 3036 792 3118 excludit,
815 3045 851 3100 ut
868 3034 968 3099 futuri
990 3033 1095 3098 forma
1108 3054 1212 3121 paene
1227 3052 1336 3120 super·

243 3135 308 3202 flua
330 3137 488 3206 videatur.
524 3138 621 3221 Quod
643 3161 681 3205 ec
703 3139 908 3205 manifestum
930 3137 976 3220 fit,
998 3136 1085 3225 quod
1106 3136 1211 3203 ferma
1225 3139 1335 3224 μαμίω

242 3240 326 3306 inter
356 3251 483 3328 tempus
513 3242 656 3308 futurum
686 3252 718 3308 ct
746 3262 899 3330 praesens
921 3239 1107 3306 difficillime
1130 3239 1332 3321 discernitur,

241 3366 267 3412 e.
290 3365 317 3409 c.
338 3344 426 3432 apud
442 3344 618 3411 Homerum
641 3345 778 3411 formam
800 3348 934 3430 μαμίωω
947 3344 980 3429 (ο
995 3344 1072 3430 522)
1087 3344 1204 3410 Veitch
1219 3345 1335 3431 (greek

240 3447 350 3533 verbs)
371 3450 534 3536 praesenti
558 3449 721 3530 adscribit,
743 3470 803 3533 ego
824 3453 957 3535 propter
977 3445 1077 3511 futuri
1093 3448 1230 3515 formam
1244 3447 1334 3530 ἕξειν,

241 3570 325 3635 quae
346 3553 499 3637 sequitur,
519 3552 637 3632 futuro,
660 3559 693 3617 et
714 3551 730 3616 l
752 3552 825 3616 388.
841 3550 900 3614 391
921 3549 1044 3614 Votum
1058 3554 1170 3636 γαμέω
1191 3552 1339 3617 suarum

240 3661 367 3740 tempus
400 3675 471 3719 esse
499 3663 612 3740 putat,
642 3654 699 3720 sed
722 3654 857 3719 Vossius
886 3652 983 3717 vertit
1012 3653 1084 3737 „ich
1107 3653 1237 3740 begehr'
1259 3675 1333 3719 zum

241 3753 393 3837 Weibe“,
423 3755 510 3842 quod
540 3778 695 3843 praesens
723 3765 772 3822 est
802 3764 834 3821 et
861 3756 994 3843 propria
1022 3758 1213 3842 significatio
1243 3756 1333 3823 verbi

239 3857 469 3924 videturesse.

325 3960 423 4027 Haud
453 3961 547 4026 aliter
573 3960 683 4027 futura
710 3960 883 4029 verborum
906 3961 940 4025 in
963 3955 1045 4039 -όζω
1067 3983 1111 4058 erp
1130 3971 1242 4028 nostra
1262 3985 1332 4030 sen·

240 4118 451 4132 Ἣ

324 4200 356 4270 t‘)
373 4196 436 4254 Non
453 4198 581 4254 omnibus
599 4214 707 4269 semper
724 4199 769 4254 hic
785 4215 880 4253 sensus
897 4198 1063 4269 perfectivus
1080 4200 1164 4269 inest3
1190 4203 1237 4255 sed
1255 4217 1333 4271 prae-

239 4284 304 4339 bent
323 4287 457 4341 wsmodi
474 4286 624 4354 uodonem,
641 4288 674 4340 ut
691 4302 773 4356 saepe
790 4286 1001 4357 perfectivorum
1020 4287 1078 4343 loco
1095 4287 1284 4345 adhibeantur.
