3256 4822
744 269 956 337 ..33-

307 444 364 518 eet,
386 435 472 522 quod
494 437 599 503 forma
618 446 757 522 cognata
771 437 909 505 traditur
924 432 1079 523 κάρβασα
1093 438 1220 522 „velum
1234 438 1397 507 liuteum“.

306 538 374 604 Noe
407 540 492 603 enim
524 541 606 607 tales
638 541 802 607 literarum
823 542 1067 628 discrepantias
1099 564 1197 629 caepe
1229 550 1396 611 externam

309 641 467 727 originem
487 644 629 729 indicare
642 640 820 713 credimus.
900 730 903 737 ι

391 744 497 821 κασᾶς
519 746 616 833 (Xer.
641 745 717 834 Cyr.
739 745 821 814 VIII
841 748 873 829 3,
895 748 939 831 6),
961 749 995 813 ni
1013 747 1116 831 fallor,
1137 747 1268 832 liuguae
1291 747 1396 815 Perai-

307 869 365 913 oae
387 848 635 916 adscribendum
657 858 713 915 eet

392 955 493 1019 κασία
508 956 575 1019 eive
590 955 713 1020 κασσία
727 952 851 1037 (Thac,
874 953 982 1041 Hipp.,‘
997 952 1097 1021 Thuc.
1113 953 1166 1038 al.)
1182 954 1266 1038 Aug.
1280 952 1397 1020 Mellae

309 1055 421 1140 (Bezu.
454 1056 544 1122 beitr.
566 1055 583 1120 I
605 1057 682 1142 281)
704 1057 823 1143 linguis
846 1057 1005 1123 Semitioie
1027 1056 1191 1145 proprium
1214 1079 1284 1122 esee
1307 1057 1396 1120 dixit.

392 1161 589 1243 κολοκᾶσία,
618 1161 815 1237 κολοκασίοκ
841 1167 890 1224 eet
911 1181 1027 1226 nomen
1048 1160 1144 1224 labae
1165 1160 1396 1247 Aegyptiacae.

308 1263 403 1345 Quod
426 1263 552 1349 Beuiey
565 1262 613 1349 (II
628 1265 706 1347 316)
728 1263 856 1329 dubitat
877 1262 919 1328 de
940 1271 1074 1328 externa
1093 1262 1242 1330 vocabuli
1262 1264 1395 1349 origiue,

307 1387 368 1450 ego
389 1366 547 1431 varietate
569 1367 697 1450 generis
720 1366 917 1453 aliquantum
940 1365 1041 1430 refelli
1062 1375 1150 1452 puto.

391 1468 557 1551 κορβασία
577 1469 683 1549 „tiara
701 1470 926 1535 cacuminata“
948 1460 1069 1557 (ταύτῃ
1091 1471 1122 1534 ot
1140 1468 1280 1555 Περσῶν
1300 1470 1395 1554 βασι·

308 1573 372 1646 laic
392 1563 492 1655 μόνοι
514 1572 664 1658 ἐχρῶντο.
686 1577 743 1639 καὶ
764 1568 893 1663 κορυφὴ
915 1568 1091 1657 ἀλέκτορος
1112 1570 1284 1658 Heeyoh.),
1306 1571 1397 1637 cuiue

309 1673 445 1739 formam
474 1674 606 1743 alteram
636 1676 795 1761 κύρβασις
824 1698 890 1740 non
919 1675 1050 1741 allatam
1076 1675 1205 1741 invenio
1227 1676 1288 1740 nisi
1309 1675 1396 1763 apud

308 1775 487 1863 Benleyum
513 1777 559 1864 (II
585 1779 672 1865 313).
715 1779 800 1844 Fiok
828 1779 969 1865 quidem‘
985 1779 1048 1865 (ΙΙ8
1076 1779 1129 1865 74)
1157 1777 1292 1845 verbum
1320 1798 1398 1843 vere

311 1877 471 1944 Graecum
495 1903 564 1947 esee
586 1892 695 1948 oeneet
718 1892 750 1947 et
769 1891 937 1969 comparat
957 1904 1029 1947 cum
1051 1881 1186 1947 vocibus
1200 1877 1323 1968 κύρβις,
1344 1905 1396 1948 κο-

307 1984 413 2069 ρυφή,
435 1980 602 2069 κρωβύλσς
625 1997 693 2067 cet,
715 1986 768 2051 lat.
792 1985 898 2064 cordia,
920 1984 1090 2065 wcarttta,
1112 2006 1194 2070 quae
1215 2005 1257 2049 ex
1278 1984 1398 2070 duplici

308 2084 428 2151 radicis
449 2087 553 2153 Iunia
574 2090 684 2175 levorp,
705 2090 812 2177 leocrcp
835 2099 930 2154 natae
951 2088 1036 2154 facit
1079 2087 1160 2153 Mihi
1182 2086 1262 2155 nihil
1279 2110 1325 2153 ,ex
1346 2087 1398 2155 hie

308 2189 415 2276 placet
443 2200 571 2278 praeter
601 2193 860 2279 conjunctionem
881 2191 1031 2257 vocabuli
1051 2212 1124 2256 oum
1146 2189 1269 2276 κύρβις.
1314 2190 1396 2256 Cum

309 2303 416 2357 autem
433 2291 496 2358 'ree
522 2296 594 2381 ipsa
616 2293 745 2360 Graeca
765 2316 830 2360 non
853 2295 909 2374 eit,
939 2316 1056 2361 nomeu
1077 2316 1205 2380 quoque
1226 2293 1398 2359 verisimile

310 2401 360 2460 eet
391 2399 589 2463 extrinsecus
612 2419 683 2463 esso
704 2399 853 2485 petitum3
884 2398 961 2483 quin
983 2398 1080 2465 etiam
1102 2397 1238 2465 fortasse
1259 2419 1300 2462 ne
1321 2398 1394 2482 κύρ-

310 2498 364 2582 βις
386 2499 516 2585 quidem
531 2510 617 2567 reete
632 2500 763 2585 liuguae
778 2499 924 2565 Graecae
938 2501 1103 2586 proprium
1119 2499 1253 2567 ducitur.
1290 2501 1397 2587 Quam

311 2601 353 2665 ad
375 2602 589 2691 suspicionem
611 2625 676 2668 non
699 2625 737 2669 eo
760 2601 861 2667 solum
885 2601 1042 2669 adductus
1065 2625 1149 2682 eum,
1171 2603 1256 2689 quod
1278 2603 1399 2688 duplex

309 2704 459 2770 formatio
488 2716 595 2772 exstat
621 2706 674 2792 (τὸ
697 2705 818 2791 κύρβος
841 2705 928 2793 apud
951 2705 1104 2791 Gallim),
1132 2706 1189 2771 sed
1211 2727 1249 2770 eo
1271 2728 1398 2792 quoque
1515 2744 1526 2762 κ

311 2806 398 2893 quod
420 2808 453 2873 in
477 2808 764 2893 significationibus
787 2811 865 2875 artis
888 2811 1067 2879 teotonicae
1085 2807 1245 2875 vocabula
1263 2820 1397 2873 externa

311 2911 440 2996 saepius
461 2912 669 2980 inveniuntur
691 2912 745 2997 (cf.
766 2912 897 2998 γεῖσον).

394 3015 540 3099 μέσαβος
561 3018 647 3101 Aug.
670 3013 787 3080 Miller
816 3016 849 3102 (l
880 3018 899 3082 l.
920 3016 999 3101 293)
1021 3038 1086 3081 non
1107 3035 1179 3081 oum
1202 3016 1242 3079 iio
1263 3008 1398 3079 vocibuo

311 3118 483 3186 Semiticie,
493 3119 752 3207 conjungendum
775 3140 846 3185 eece
868 3125 986 3198 censet,
1007 3117 1047 3183 de
1070 3116 1186 3204 quibus
1207 3116 1261 3181 alii
1277 3116 1396 3200 cogita·

311 3230 443 3300 verunt3
471 3223 665 3308 etymologia
687 3232 795 3286 tamen
818 3220 1085 3306 ludogermanioa
1106 3221 1204 3287 deest

395 3324 595 3409 παράδεισος
616 3346 657 3390 ex
677 3323 788 3409 lingua
809 3324 942 3389 Persica
962 3324 1067 3406 (Beni.
1090 3322 1106 3386 Ι
1131 3321 1214 3409 138).

395 3424 611 3512 παρασάγγης
632 3427 729 3514 (pere.
747 3424 924 3512 foraaapi)

396 3528 542 3619 ῥοοοὶτον
571 3532 700 3614 „vinum
730 3529 813 3595 rosis
841 3528 1025 3594 conditum“
1052 3525 1151 3611 (Gal,
1183 3526 1232 3593 Al.
1260 3524 1329 3610 Tr.)
1357 3546 1399 3589 ex

311 3635 423 3720 lingua
455 3635 510 3700 lat.
540 3643 740 3719 assumptum
769 3639 919 3719 putamus
948 3651 986 3695 ac
1016 3627 1210 3715 respondere
1239 3626 1398 3714 adjectiuo

312 3744 445 3804 αόοᾱιασ.
489 3736 563 3803 Ηοο
583 3759 621 3803 οο
642 3746 765 3801 certum
785 3734 830 3817 fit,
852 3732 937 3820 quod
958 3732 1038 3797 haec
1059 3753 1124 3796 vox
1146 3740 1220 3799 ante
1235 3730 1311 3796 chr.
1333 3750 1398 3795 non

311 3840 446 3924 legitu13
476 3841 647 3926 scriptores
669 3846 778 3905 autem
798 3840 892 3903 istius
914 3835 1034 3900 saeculi
1055 3835 1192 3901 formam
1214 3855 1279 3901 non
1298 3840 1399 3897 totam

313 3943 451 4007 retinere
473 3951 654 4031 potuerunt,
677 3942 733 4006 aed
757 3950 811 4006 aut
835 3941 1014 4027 quantitate
1036 3947 1166 4005 servata
1186 3933 1400 4023 (locaverant

316 4044 470 4132 qualitate
492 4055 620 4112 servata
641 4041 788 4134 ῥοσάτον
810 4042 980 4109 dicendum
995 4049 1080 4119 erat3
1104 4047 1254 4107 accentus
1270 4057 1396 4124 quoque

314 4147 450 4212 Latinus
479 4148 654 4213 treudatue
675 4155 805 4213 nostrae
827 4143 1032 4233 explicationi
1053 4142 1142 4209 favet
1163 4140 1215 4227 (cf.
1234 4142 1402 4221 θάνατος,

314 4251 476 4338 κάματος,
497 4245 667 4331 ἡλάκασον
689 4249 799 4317 omnia
819 4247 974 4314 eiusmodi
997 4243 1283 4334 proparoxytona).
