3256 4822
732 248 942 314 ..50-

295 417 437 485 radicem
459 439 524 502 γαρ
546 418 689 504 praebet,
705 439 777 483 cum
793 441 811 484 e
826 419 930 484 forma
944 417 1059 505 yolppa·
1075 416 1199 506 ῥάβδος
1215 419 1386 507 (Hesych.)

294 521 438 587 radicem
457 541 544 609 γαρσ
565 522 664 586 fuisse
686 521 867 589 concludas.

379 625 419 690 In
446 645 526 691 voce
547 623 679 691 εὔσανα·
703 617 748 688 τὰ
769 616 963 709 ἐγκαύματα
985 623 1077 708 (Poll
1095 624 1140 688 Vl
1163 627 1214 708 31,
1242 626 1299 711 91)
1322 627 1386 691 suf·

296 729 361 795 fixo
385 749 488 796 -σακα
508 749 628 814 magna
650 726 860 814 probabilitas
883 737 940 807 est,
961 728 1057 795 radix
1078 730 1163 794 enirn
1187 737 1235 796 est
1250 729 1305 795 εὐσ
1319 730 1384 813 (vd.

295 855 333 897 su
356 855 394 898 ra
461 883 467 896 .
490 831 535 896 4.

334 857 355 920 p
381 832 534 1010 iiidcccl
557 935 747 1016 „fimbriae“‚
776 933 840 998 nisi
861 933 963 1014 fallor,
986 944 1072 1000 recte
1093 957 1166 1000 cum
1188 934 1297 1000 radice
1319 935 1384 1020 idg.

198 1032 201 1051 ‘
294 1038 360 1104 dac
389 1037 610 1125 conjungitur,
639 1039 691 1103 cui
721 1038 809 1103 notio
832 1036 962 1120 „celeris
984 1043 1108 1103 metus“
1131 1047 1195 1118 est3
1217 1039 1251 1103 in
1273 1037 1384 1122 lingua

295 1139 422 1207 Graeca
436 1141 541 1208 forma
551 1142 672 1208 radicis
682 1143 755 1207 θκσ
765 1140 940 1229 praebetur
950 1139 1059 1208 verbis
1076 1138 1235 1218 θύσθλα,
1253 1136 1383 1221 θύστης

294 1240 430 1320 θυστάς
452 1253 484 1310 et
503 1244 546 1310 ad
561 1245 696 1311 eandem
712 1253 858 1332 spectare
872 1246 1075 1319 buccano-c
1091 1244 1143 1331 (cl.
1159 1244 1384 1329 duracmum)

297 1346 457 1413 credimus
480 1347 593 1415 Curtio
617 1358 747 1415 auctore
770 1346 878 1431 ((ἁῖττ.4
901 1348 985 1434 259).

379 1450 535 1517 Eiusdem
565 1453 692 1519 uotonis
714 1474 753 1517 ac
774 1453 954 1534 ατίσανοκ,
977 1443 1124 1530 πτισάνη
1146 1450 1314 1537 ,‚pclenta“
1336 1462 1385 1516 est

296 1555 375 1620 slav.
399 1561 512 1640 premo
541 1579 582 1638 n.‚
604 1556 694 1621 cuius
723 1556 829 1622 forma
857 1577 921 1620 non
952 1552 1054 1619 solum
1085 1576 1121 1619 eo
1149 1555 1270 1638 differt,
1298 1556 1383 1641 quod

294 1658 399 1723 forma
427 1659 582 1744 primaria
611 1682 684 1725 cum
715 1683 733 1725 s
763 1657 902 1744 simplici
931 1655 1082 1743 ponenda
1108 1666 1170 1738 est,
1200 1657 1257 1723 sed
1286 1660 1384 1724 etia'm

294 1761 423 1828 vocales
454 1762 599 1849 syllabae
625 1762 799 1829 secundae.
815 1784 881 1829 uon
903 1770 1099 1846 congruunt,
1122 1760 1260 1847 denique
1282 1771 1384 1826 totum

294 1865 444 1931 suffixum
469 1866 557 1932 aliud
578 1866 707 1931 videtur
729 1888 808 1931 esse.

378 1969 512 2036 Praeter
534 1970 724 2060 τραύσακσν
745 1975 925 2051 „sarmenta
944 1966 1051 2030 arida“
1065 1968 1182 2051 legitur
1198 1962 1384 2054 τραύξακσν

295 2074 479 2161 (utrumque
490 2074 578 2161 apud
586 2071 839 2158 Pherecratem)3
850 2070 991 2136 radicem
1005 2068 1135 2135 Curtius
1147 2071 1268 2157 (studl
1278 2072 1383 2157 brae)

294 2178 377 2242 dixit
405 2200 477 2244 esse
508 2198 590 2264 τραγ
619 2186 751 2264 propter
780 2175 1018 2242 substantivum
1047 2174 1169 2256 τρύγη,
1197 2174 1260 2240 nis'i
1281 2169 1384 2254 fallor,

294 2279 382 2365 quod
402 2288 547 2366 praeter„
563 2279 721 2344 fructum“
736 2286 768 2344 et
783 2283 953 2359 „messem“
969 2278 1171 2356 „siccitatem
1187 2277 1385 2344 ariditatem“

293 2383 460 2468 significat.

377 2488 408 2573 c)
431 2486 517 2552 alia
539 2485 698 2553 suffixa
720 2506 778 2571 per
797 2504 818 2549 σ
838 2484 1041 2570 incipientia:

380 2592 547 2675 σαυσαρός
569 2589 712 2670 „aridns“
734 2587 861 2653 videtur
883 2587 992 2652 suffixi
1014 2608 1112 2673 -capo
1127 2609 1188 2674 cpe
1202 2587 1384 2671 formatum,

295 2693 382 2780 quod
412 2694 507 2758 etiam
537 2694 571 2758 in
593 2693 704 2776 lingua
733 2714 810 2759 secr.
838 2691 1000 2757 invenitur
1029 2692 1141 2757 ecdem
1170 2701 1306 2757 accentu
1328 2714 1382 2756 ex·

297 2806 452 2863 structum
476 2794 531 2882 (cf.
547 2794 693 2860 Lindner
713 2793 732 2860 l.
755 2793 773 2858 l.
791 2794 882 2878 111);
898 2793 1034 2859 Fickius
1049 2794 1113 2879 (11³
1127 2793 1202 2880 258)
1219 2803 1384 2881 comparat

296 2896 428 2984 σαυκός,
451 2902 502 2966 cui
522 2896 679 2965 vocabulo
695 2891 843 2983 σαυχμός
859 2896 1027 2984 (Hesych.)
1042 2897 1225 2963 addendum
1239 2899 1381 2975 videtum

295 3012 407 3069 contra
436 3004 482 3072 lit.
512 3027 627 3069 scurae
656 3009 689 3066 et
721 3000 798 3066 alar.
827 3002 926 3067 sacha
955 3003 1170 3089 sejungimus,
1197 3001 1314 3087 quibus
1341 3001 1382 3066 ad

294 3106 420 3174 literam
435 3092 514 3183 αὖος
528 3106 729 3193 respondeat.
1300 3160 1302 3165 .

378 3202 507 3290 σαύσαξ
517 3202 710 3295 (salome
722 3201 841 3292 τυροὺς
851 3206 1001 3283 ἁπαλοὺς
1012 3203 1203 3296 τύτρόφους.
1218 3208 1381 3295 Hesych.).

294 3312 348 3377 Ad
382 3312 490 3378 suffixi
523 3313 660 3378 formam
691 3309 771 3375 nihil
800 3314 980 3398 comparari
1008 3321 1113 3400 potest
1143 3312 1205 3376 nisi
1235 3308 1379 3400 nolanusc

293 3414 518 3504 (συκοφάνται
539 3414 705 3502 Hesych.).

293 3605 323 3672 2.
360 3602 400 3667 Σ
416 3602 481 3668 EX
503 3601 721 3675 DENTALI
732 3602 933 3670 EXPLOSI
940 3604 996 3669 Vn
1011 3614 1046 3683 ÷
1061 3600 1102 3665 Σ
1111 3602 1272 3670 NATUM
1286 3604 1380 3672 EST.

380 3723 472 3789 Haec
501 3723 689 3789 assimilatio
718 3726 890 3809 praecique
914 3724 948 3787 in
970 3722 1086 3788 futuris
1109 3733 1141 3788 et
1162 3725 1289 3789 aoristis
1311 3746 1380 3790 ver·

294 3826 408 3892 borum
437 3826 611 3892 dentalium
640 3834 672 3892 et
693 3826 812 3892 dativis
833 3825 912 3915 plur.
936 3826 1084 3913 stirpium
1105 3829 1139 3891 in
1161 3827 1305 3893 dentales
1327 3849 1380 3892 ca-

296 3928 439 3994 dentium
468 3931 637 4015 invenitur.
682 3928 842 4015 Exempla
864 3941 951 3995 sunt:
982 3931 1381 4015 ἐλογισάμην-λογίσομαι,

295 4033 564 4124 ἔφρασα-φρασα,
586 4033 722 4099 ἐδίκασα
736 4033 888 4110 -ὃικσὶσας
913 4034 1052 4118 σώμασι,
1073 4035 1194 4118 κόρυσι,
1215 4026 1380 4117 iniustam.

380 4135 420 4200 ln
444 4138 560 4202 futuris
581 4146 614 4201 et
636 4135 752 4201 dativis
767 4140 788 4221 j
807 4136 860 4201 vel
881 4142 906 4201 f
925 4146 998 4224 post
1019 4158 1040 4200 σ
1060 4138 1167 4202 locum
1189 4136 1378 4202 habuerunt.

379 4238 452 4305 Non
487 4239 551 4304 alia
578 4238 614 4303 fit
643 4238 849 4321 assimilatio,
879 4240 934 4305 ubi
964 4248 1039 4304 ante
1067 4237 1227 4305 dentalem
1259 4240 1379 4305 nasalis
