3256 4822
672 323 715 336 —-
759 287 884 353 131-

234 456 477 538 agnoscendum
501 476 585 540 esse,
607 474 702 546 quern
724 478 784 523 nos
805 460 839 524 in
861 459 961 526 verbo
984 455 1074 526 κλείω
1096 462 1232 528 evicisse
1254 484 1324 549 spe-

232 579 350 623 ramus.
395 559 476 627 Van.
498 586 530 650 p.
556 564 638 628 1163
662 583 731 649 sqq.
800 608 802 617 ι

317 662 373 748 41)
400 666 548 749 saleuco
584 671 739 753 „quaero‘¹
769 666 900 751 saepius
930 688 1001 731 cum
1032 668 1326 754 praepositionibus

231 764 461 850 (ἐπι-6616666
490 776 626 853 „tango,
648 775 755 835 tento“
778 768 852 854 cet.)
875 780 1057 855 usurpatur.
1101 771 1172 837 Iam
1194 772 1326 839 Curtius

233 867 288 950 (vl.
303 866 338 931 Ι2
358 868 435 954 298)
450 870 626 936 Leskienio
649 873 693 957 (p.
716 873 771 957 88)
791 894 944 938 assensus
966 882 1015 937 est
1036 876 1091 960 qui
1113 873 1175 940 hoc
1189 874 1327 941 verbum

234 993 254 1035 a
285 971 397 1036 radice
424 998 494 1038 mcc
512 971 653 1056 derivat;
676 984 708 1040 et
729 976 830 1041 fertur
851 976 946 1043 radix
966 1001 1037 1041 maa
1058 979 1093 1043 in
1112 976 1325 1064 Dathupitho

235 1073 409 1141 Senserito.
459 1076 617 1143 Fortasse
644 1080 742 1144 etiam
770 1081 849 1167 perf.
876 1084 991 1164 μέμαα
1021 1088 1054 1144 et
1080 1104 1184 1168 praes.
1213 1087 1326 1167 μῶμαι

232 1177 304 1264 (fut.
318 1178 472 1264 μᾶσομαι
487 1202 553 1248 666.
569 1173 762 1268 ludoicus)
778 1183 996 1250 camiscrunt
1025 1183 1207 1271 Eoognata
1216 1186 1327 1251 radice

231 1280 332 1347 verba
352 1280 494 1368 ματεύω,
515 1280 680 1367 μαστεύει»,
702 1291 815 1370 parsu
837 1297 1047 1375 „persecutam
1068 1292 1172 1354 61166ι
1188 1289 1326 1355 oriunda

233 1407 304 1451 esse
326 1385 499 1473 videntur.¹
529 1387 613 1453 Van.
634 1410 666 1474 p.
687 1388 750 1453 666
773 1411 819 1476 sq.

316 1493 374 1578 42)
395 1491 643 1571 6616666666ιι
665 1514 686 1556 a
707 1497 810 1578 scaje
832 1494 997 1560 derivatur
1018 1497 1071 1581 (cf.
1088 1495 1186 1561 Lesk.
1209 1518 1242 1581 p.
1258 1496 1324 1578 87).

233 1594 381 1675 Quocum
405 1603 545 1679 cognata
560 1602 636 1659 sunt
649 1595 783 1660 nomina
795 1600 937 1681 ναιότης,
950 1604 1077 1680 raiaco,
1091 1603 1218 1683 ναέτηρ.
1253 1599 1326 1663 Huc

232 1705 350 1782 νέομαι
382 1719 509 1787 quoque
538 1699 693 1783 pertinet,
721 1699 807 1784 quod
831 1703 933 1765 artius
956 1701 1106 1766 cohaeret
1129 1722 1201 1765 cum
1223 1702 1325 1768 subst.

231 1799 351 1879 νόστος
373 1803 426 1888 (cf.
450 1801 592 1881 Curtius,
607 1800 749 1888 Leipcgr
764 1801 854 1870 Stud.
876 1801 893 1866 I
918 1803 1003 1889 152),
1025 1823 1109 1888 quae
1131 1803 1326 1890 etymologia
1367 1830 1371 1835 ·

230 1906 339 1970 formis
370 1904 565 1973 dialecticis:
596 1905 659 1968 ion.
680 1901 931 1990 ὑπο-νησαμένη
951 1906 1118 1994 (Hippocr.
1141 1906 1207 1987 IX,
1239 1908 1325 1993 190),

232 2007 301 2074 666.
330 2006 488 2086 coccium
511 2005 640 2092 (Sophr.
670 2006 709 2071 16.
735 2008 799 2095 19).
822 2019 957 2094 utraque
978 2033 1043 2092 non
1066 2012 1136 2074 sine
1158 2010 1255 2077 dubio
1277 2031 1325 2074 re-

230 2123 334 2198 cepta,
354 2112 545 2177 labefactari
566 2132 635 2174 non
655 2118 769 2197 potest.

315 2215 371 2301 43)
394 2214 548 2280 Radicem
571 2213 663 2279 verbi
690 2209 785 2299 6666
814 2217 937 2295 ,,6οἰ66“
966 2215 1023 2299 (de
1053 2215 1147 2282 labiis
1170 2226 1202 2281 ct
1224 2216 1324 2282 oculis

232 2318 363 2404 dicitur)
394 2327 525 2406 propter
551 2318 682 2401 longam
711 2317 855 2383 vocalem
877 2326 910 2383 et
930 2319 1051 2384 formas
1073 2320 1244 2386 nonnullas
1265 2319 1324 2385 lin·

233 2445 370 2507 guarum
398 2423 652 2510 propinquarum
674 2419 882 2506 (latinator,
909 2443 985 2486 6666.
1007 2423 1282 2508 Μία-,1186166
1305 2447 1325 2489 6

231 2526 299 2592 666.
320 2552 375 2591 mc
396 2534 429 2590 et
449 2525 559 2590 666166-
578 2520 735 2609 „mulus“)
751 2545 810 2589 666
824 2546 889 2590 666
906 2524 1050 2591 Graecas
1065 2526 1191 2611 (μυκός,
1212 2522 1325 2608 μύτης,

229 2623 366 2712 μύττης,
387 2623 527 2714 porcos)
549 2637 582 2692 et
601 2648 661 2714 per
682 2627 842 2693 dentalem
865 2638 898 2694 et
919 2651 977 2715 per
998 2628 1192 2714 gutturalem
1206 2651 1323 2715 propa-

231 2741 342 2816 gatam
370 2753 440 2796 esse
462 2753 633 2796 censemus
653 2741 685 2796 et
706 2731 798 2796 alteri
820 2732 922 2797 radici
943 2732 1072 2819 quidem
1094 2734 1173 2820 perf.
1195 2737 1324 2818 μέμῦκα

232 2833 285 2918 (cf.
314 2856 391 2901 6666.
420 2834 558 2920 motha-l,
588 2834 680 2899 alteri
706 2835 830 2921 reliqua
852 2844 997 2919 tempora
1018 2845 1146 2920 praeter
1166 2856 1270 2920 praes.
1293 2844 1326 2899 et

231 2938 356 3023 imperf.
379 2959 449 3002 esse
472 2937 677 3021 assignanda.

318 3041 375 3126 44)
417 3036 573 3117 ζούσθω·,
602 3031 786 3117 §maduca
818 3037 975 3124 Hesychii
1014 3040 1124 3123 glossa
1157 3063 1177 3105 a
1211 3038 1324 3105 Curtio

233 3143 340 3230 (Gra.⁴
356 3143 431 3229 611)
453 3146 487 3208 in
508 3145 647 3210 formam
669 3141 854 3229 primariam
877 3142 1029 3220 ζοσεσθω
1050 3142 1220 3211 reducitur.
1257 3142 1322 3209 Sed

233 3268 306 3312 cum
327 3248 458 3332 linguae
480 3257 653 3332 cognatae:
684 3245 733 3309 cd.
753 3245 868 3332 ydonis,
885 3246 951 3331 ydls
972 3247 1139 3331 „cingere,
1159 3247 1323 3331 induere“,

228 3350 274 3420 lit.
289 3334 372 3438 jirati
391 3352 445 3433 id,
466 3351 545 3417 slav.
564 3354 709 3437 popae-ci
722 3351 935 3435 „cingulum“,
958 3359 990 3414 et
1004 3348 1164 3415 Graecum
1179 3344 1323 3434 ζώννυμι

230 3457 336 3542 ipsum
364 3455 507 3520 radicem
529 3460 593 3539 peta
615 3452 773 3532 indicent,
802 3455 939 3518 fortasse
961 3474 1003 3518 ex
1024 3453 1128 3519 forma
1149 3453 1321 3530 ζουσεσθω

231 3558 457 3644 explicandum
479 3568 536 3623 est.
571 3556 727 3622 Ponimus
748 3556 847 3641 igitur
869 3555 1052 3638 dialectum,
1072 3578 1114 3622 ex
1136 3577 1200 3641 qua
1217 3555 1321 3640 Hesy-

230 3661 322 3728 chius
354 3661 439 3727 hanc
472 3661 609 3726 formam
643 3659 829 3746 descripsit,
862 3659 1008 3725 vocalem
1038 3682 1063 3723 ω
1093 3658 1321 3739 obscuriorem,

229 3768 248 3833 i.
271 3788 299 3833 e.
321 3788 380 3855 pro
402 3765 560 3843 ζωσεσθω
580 3763 807 3850 pronuntiasse
828 3763 1007 3840 ζουσεσθω.

314 3869 370 3953 45)
386 3863 507 3954 decdo
520 3867 667 3949 „frango,
681 3864 795 3930 flecto“
809 3866 1015 3952 conjungitur
1026 3889 1046 3931 a
1057 3862 1174 3930 Fiokio
1185 3862 1233 3948 (1³
1246 3863 1322 3949 121)

230 3996 302 4039 cum
325 3982 393 4058 got
413 3973 549 4037 driuson
569 3969 742 4053 „cadere“;
768 3970 948 4057 praesentis
971 3969 1107 4034 formam
1122 3967 1222 4050 igitur
1236 3988 1320 4052 pono

229 4079 400 4162 666666ρω,
438 4095 504 4162 qua
541 4093 652 4136 omnes
688 4073 812 4137 formae
848 4071 943 4137 huius
976 4073 1085 4158 stirpis
1120 4071 1322 4158 explicantur

228 4171 449 4267 (ἐθραύσθην
463 4175 553 4264 apud
567 4173 713 4261 Sophocl.
729 4174 780 4259 al,
800 4169 990 4262 θραυσμός,
1005 4165 1190 4260 decenario,
1212 4171 1320 4258 θραῦ·

228 4303 298 4370 opta
322 4294 354 4348 et
375 4282 542 4371 θραῑμα).
