3256 4822
683 312 724 322 ...
768 274 895 343 87)-

247 448 385 530 σίσυρνα
413 445 574 532 (Aesoh.),
602 446 805 531 σισυρίχνιον
834 443 1037 531 (Theopbr.),
1066 444 1167 508 σίσων
1189 440 1339 538 (Diona),

246 550 377 615 nomina
397 571 503 635 propr.
526 546 697 637 Σίσυφος,
720 546 879 634 Σίσυρβα
901 546 956 629 al.,
985 544 1193 634 explicandus
1215 553 1282 625 est,
1303 543 1338 607 ni

246 651 347 732 fallor,
369 651 480 718 eodem
503 651 607 734 modo,
633 672 696 737 quo
717 653 893 735 σέσεισμαι,
916 652 1053 730 odonna,
1074 652 1195 735 otonpu
1210 647 1251 712 al.
1266 668 1337 733 per·

248 753 349 832 fecta,
379 755 519 838 erigitur
539 754 572 817 in
596 753 686 820 initio
708 752 853 817 radicum
876 751 1052 816 secundum
1071 752 1159 837 leges
1175 759 1337 815 servatum

248 865 419 944 propterea
447 877 552 943 neque
581 856 615 920 in
642 856 771 938 formis,
798 858 832 921 in
854 853 971 941 quibus
991 854 1118 942 syllaba
1138 852 1361 939 reduplicata·

247 960 433 1047 praeposita
455 954 511 1040 est,
534 960 672 1025 evanuit.

335 1062 383 1128 15.
428 1062 492 1128 Hic
512 1061 637 1148 colligo,
659 1083 742 1148 quae

346 1246 593 1314 VOCABULA
614 1247 926 1316 EXTRINSEOUS
949 1247 1013 1313 AD
1035 1245 1240 1316 GRAECOS

670 1351 915 1419 'l'RADUOTA

250 1492 320 1535 esse
351 1470 469 1537 scimus
495 1473 546 1538 vel
575 1461 783 1559 suspicamur.
829 1472 974 1554 Quorum
1004 1493 1045 1535 ex
1066 1492 1199 1535 numero
1222 1468 1337 1534 omitti-

249 1596 321 1638 mus
343 1597 390 1656 ea,
412 1596 494 1661 quae
516 1597 574 1662 per
595 1596 637 1641 σσ
658 1576 849 1655 scribuntur,
874 1581 909 1640 ut
929 1565 1054 1659 βύσσος
1070 1572 1209 1660 (Benfey
1227 1570 1261 1634 Il
1284 1570 1340 1656 65)

251 1677 293 1746 al.
336 1677 384 1742 Re
413 1679 497 1743 enim
527 1680 599 1765 ipsa
620 1678 825 1763 intelligitur,
854 1679 887 1743 in
909 1678 949 1742 iis
971 1696 991 1741 σ
1013 1676 1155 1742 nondum
1177 1676 1261 1739 inter
1282 1695 1338 1738 vo·

250 1779 336 1845 cales
358 1781 498 1867 positum
521 1781 693 1848 exstitisse.

335 1882 453 1949 cirione
478 1907 542 1949 non
573 1884 735 1948 invenitur
763 1884 825 1948 nisi
854 1882 942 1969 apud
964 1882 1074 1951 Dioso.
1097 1879 1256 1965 (11165),
1284 1876 1340 1963 qui

251 1984 386 2050 alterum
417 2007 535 2051 nomen
557 1986 677 2052 herbae
699 1993 772 2052 σῒον
793 1985 886 2051 affert
908 1984 1154 2073 (sejungendum
1177 2006 1197 2047 a
1219 1980 1339 2064 oiou?).

251 2089 456 2173 Quamquam
486 2089 637 2155 laudatur
657 2111 794 2174 granum
815 2088 934 2155 ἀνίσου
957 2087 1092 2168 Cretici,
1122 2107 1184 2172 quo
1206 2083 1339 2148 inferius

252 2193 293 2255 sit
315 2193 521 2280 Aegyptiaci,
542 2202 651 2259 tamen
672 2193 752 2258 haec
773 2192 885 2280 planta
906 2215 970 2258 non
991 2193 1119 2256 interna
1139 2188 1240 2253 fuisse
1262 2185 1338 2250 dici·

252 2303 304 2358 tur
326 2317 347 2359 a
369 2294 472 2361 doctis
494 2296 555 2361 nisi
577 2298 611 2361 in
632 2298 793 2383 Aegypto.

335 2390 484 2481 βάσανος
517 2420 537 2462 a
565 2399 681 2466 Fickio
712 2400 766 2485 (os.
796 2398 894 2463 Beza.
922 2396 1014 2465 beitr.
1043 2395 1060 2459 I
1090 2396 1166 2481 287)
1194 2416 1268 2459 cum
1296 2392 1341 2457 lit.

253 2501 390 2587 bondyti
414 2501 593 2589 „probare“
622 2513 845 2592 comparatur,
875 2510 910 2566 ut
938 2501 1042 2566 forma
1071 2500 1224 2585 primaria
1244 2495 1342 2562 fuerit
1372 2512 1376 2536 ¹

251 2602 474 2684 βαθ-σανο-ς,
507 2627 579 2672 cum
614 2613 711 2671 antea
745 2629 766 2671 a
794 2605 939 2691 Benfeyo
967 2602 1014 2689 (II
1044 2604 1101 2689 65)
1135 2602 1340 2689 peragrinum

254 2703 399 2771 habitum
420 2707 470 2773 sit.

339 2816 457 2892 γαῖσον
488 2811 557 2876 sive
584 2805 717 2893 γαισός,
748 2831 820 2874 cum
851 2816 1019 2873 externum
1049 2828 1152 2892 genus
1180 2826 1341 2871 armorum

257 2910 453 2994 significent,
481 2913 554 2999 ipsa
584 2921 718 2977 externa
745 2910 914 2977 habentur.
958 2908 1018 2991 cf,
1043 2930 1126 2995 quae
1155 2908 1195 2972 de
1225 2909 1285 2971 bac
1307 2928 1341 2970 re

256 3014 437 3099 suspicatus
467 3023 516 3078 est
543 3014 668 3101 Benfey
697 3013 744 3099 (ΙΙ
776 3014 860 3098 115).

340 3114 431 3178 Idem
445 3115 534 3180 valet
548 3116 588 3181 de
604 3117 735 3183 vocibus
750 3124 858 3200 γεῖσον
869 3115 1033 3201 (γεῖσσον),
1047 3120 1162 3200 paloor,
1177 3112 1342 3197 γεισίπους

256 3218 431 3282 secundum
442 3218 771 3307 Benfeyum(11115).
795 3217 832 3282 In
844 3218 969 3305 quibus,
980 3226 1016 3281 ut
1026 3218 1059 3282 in
1070 3216 1224 3305 pluribus,
1235 3215 1341 3280 varia·

254 3322 299 3386 tio
317 3322 494 3408 scripturae
509 3331 541 3388 et
554 3324 682 3407 generis
696 3322 897 3409 grammatici
911 3321 983 3408 ipsa
998 3321 1211 3407 suspicionem
1226 3327 1341 3384 movet

339 3423 422 3489 Oum
449 3424 617 3490 vocabulis
637 3427 826 3510 γαύσαπος,
855 3424 1030 3508 γαυσοέπης
1051 3422 1287 3511 comparandae
1309 3422 1343 3485 in

255 3527 366 3611 lingua
397 3549 525 3615 quoque
556 3528 610 3597 lat.
645 3528 792 3594 diversae
823 3529 946 3593 formae
975 3536 1103 3593 exstant
1130 3528 1282 3614 &canope
1310 3534 1343 3589 et

254 3651 430 3714 poueopam
449 3652 489 3712 n,
508 3654 654 3717 gausapa
669 3631 699 3711 f,
718 3655 875 3718 gausapae
888 3632 960 3716 m.);
987 3632 1138 3717 quocirca
1151 3628 1343 3696 vocabulum

255 3732 288 3794 in
305 3739 440 3816 utraque
455 3731 566 3816 lingua
580 3754 622 3798 ex
637 3743 769 3799 externa
784 3735 921 3821 quadarn
935 3744 1101 3820 acceptum
1113 3755 1183 3798 esse
1192 3731 1341 3797 arbitror.

340 3835 435 3898 ὶσαία
456 3835 543 3922 apud
557 3835 664 3903 Diosc.
679 3835 740 3922 (IV
757 3837 832 3922 149)
854 3859 970 3902 nomen
992 3837 1120 3923 plantae
1142 3832 1343 3922 (ἐλλεβόρου)

255 3938 491 4024 Aegyptiarum
514 3937 639 4006 dicitur.

339 4039 463 4106 Nomen
492 4038 679 4127 Copticum,
711 4063 849 4127 quocum
883 4035 1055 4129 κᾶλᾶσιρις
1083 4041 1342 4130 conjungendum

255 4144 304 4209 est
326 4143 426 4229 (fida,
448 4142 560 4228 Orat),
580 4142 705 4231 Benfey
726 4143 774 4230 (ΙΙ
798 4145 875 4229 153)
898 4144 999 4212 affert.

339 4241 520 4331 κάρπασος,
541 4246 661 4330 „linum
676 4246 913 4335 Hispaniense“
927 4247 1036 4333 (Dion.
1051 4246 1139 4335 Hal.)
1161 4270 1199 4314 eo
1217 4249 1344 4331 insigne
