3256 4822
678 262 891 331 „pp-

325 432 454 516 Restat,
484 442 520 497 ut
542 434 715 519 denegem,
745 435 926 522 Indogerm.
949 451 996 503 ιι-
1017 440 1051 504 in
1074 438 1187 524 lingua
1210 438 1338 507 Graeca

240 536 402 599 immutari
426 536 458 599 in
482 556 545 620 σιι-,
568 539 666 601 ouius-
680 541 728 604 rei
749 540 782 604 in
805 539 895 605 nulla
917 539 1054 606 dialecto
1076 541 1225 629 exempla
1248 551 1337 610 certa

239 639 461 718 inveniuntur,
494 650 607 705 contra
635 640 775 726 plurimo
803 645 1001 709 eontrarium
1024 643 1263 727 demonstrant3
1293 647 1333 713 cf.

241 740 341 814 τύλος
363 760 435 803 oum
458 739 511 804 lat.
534 755 631 807 tumeo
653 742 760 829 (Grn.⁴
782 745 869 830 225),
890 741 1014 830 βοητύς
1035 769 1108 811 cum
1129 748 1192 814 lat.
1206 750 1336 814 booetius

240 841 338 926 (Fick
360 840 410 904 11³
434 842 518 929 178),
540 846 640 920 πίτυς
660 867 733 910 cum
758 869 834 913 secr.
852 853 939 933 pitu·
928 850 1040 914 --ddru
1061 849 1159 936 (riek
1180 850 1232 914 ΙΙ1
1254 852 1338 936 loo).
1433 919 1437 927 ,

238 939 369 1020 πλατύς
389 953 421 1009 et
441 945 485 1010 lit.
509 947 614 1033 platus
636 949 726 1032 (Gru.
749 946 1019 1037 alatstadwpov·
1041 950 1148 1020 dulor
1166 953 1338 1040 (Hesych.)

239 1069 312 1112 cum
341 1069 418 1115 ssor.
447 1049 599 1114 nodara—
631 1052 729 1138 (rich
759 1054 776 1117 I
806 1054 900 1140 219),
930 1049 1043 1142 ἀρτύω
1073 1077 1146 1122 cum
1177 1078 1254 1126 seer.
1284 1070 1337 1121 νιιι

240 1149 339 1235 (Fick
360 1150 455 1237 120)
476 1154 578 1219 multa
599 1154 672 1219 alia.

324 1252 425 1318 Nobis
446 1255 576 1339 igitur
566 1280 600 1322 m
622 1257 784 1323 nonnullis
806 1258 915 1325 verbis
936 1280 1005 1324 συ-
1030 1259 1093 1325 ι11ο
1113 1260 1274 1344 modo,t
1240 1269 1337 1349 atque

241 1359 405 1443 hucusque
426 1344 496 1424 fieri
518 1360 656 1441 solebat,
684 1360 913 1447 explicandum
934 1371 993 1429 est.
1038 1361 1088 1428 Ac
1110 1365 1248 1451 primum
1269 1367 1337 1452 qui·

240 1460 312 1525 dem
334 1462 480 1527 Atticum
500 1462 714 1551 Jonicumque
741 1461 800 1547 σι’,
832 1466 859 1529 si
881 1474 968 1530 recte
989 1465 1127 1531 formam
1148 1468 1337 1554 primariam

240 1578 291 1647 ta,
314 1586 378 1630 non
401 1580 453 1632 toa
473 1568 656 1653 posuimus,
677 1568 724 1632 ita
745 1577 858 1633 natum
880 1577 987 1654 potest
1008 1591 1088 1651 esse,
1111 1578 1148 1634 ut
1169 1570 1337 1657 loquentes

237 1669 486 1753 incongruentes
520 1692 679 1736 consonas
712 1671 902 1758 incipientes
935 1670 1095 1736 vocabula
1129 1668 1171 1737 τύ
1204 1682 1236 1738 et
1267 1679 1336 1757 σοῦ,

239 1774 302 1855 σοι’,
325 1778 361 1837 σὲ
383 1774 505 1838 evitare
528 1773 709 1851 studerent3
739 1774 781 1836 ad
803 1774 889 1860 quod
912 1772 1158 1859 approbandum
1177 1797 1216 1840 eo
1231 1778 1336 1860 magis

242 1873 441 1955 adducimur,
464 1874 549 1960 quod
573 1876 659 1962 apud
674 1875 801 1953 Aeoles,
823 1897 959 1963 quorum
982 1875 1116 1941 eandem
1138 1877 1242 1962 legem
1262 1901 1336 1966 pro-

239 1978 343 2063 priam
374 1979 474 2042 fuisse
502 1978 688 2062 docuimus,
717 1979 822 2044 forma
852 1980 895 2044 τύ
915 1987 1046 2044 servata
1068 1988 1118 2045 est
1139 1988 1171 2045 et
1192 1982 1335 2064 genitivo

238 2077 344 2145 σέθεν
364 2090 424 2145 cet.
447 2080 576 2146 cosibus
597 2082 781 2170 respondet.

326 2182 470 2272 ἀήσυρος
492 2184 592 2272 (apud
613 2184 731 2253 Aesch.
755 2193 787 2248 et
807 2183 840 2248 in
860 2183 959 2252 Anth.
974 2183 1033 2252 Rh.
1054 2184 1188 2270 legitur3
1219 2186 1335 2251 lexico·

238 2286 356 2373 graphi
376 2288 553 2375 explanant
574 2288 682 2355 verbis
697 2284 832 2374 κοῦφος,
854 2288 1013 2375 ἐλαφρός)
1026 2309 1049 2352 a
1063 2288 1181 2354 Fickio
1195 2288 1243 2374 (1³
1256 2291 1335 2378 203)

238 2410 310 2453 cum
334 2412 409 2454 secr.
432 2391 553 2455 eddila-
572 2402 755 2475 „ventosus
776 2393 911 2454 ventus“
926 2402 1149 2477 comparatum
1164 2402 1223 2477 est,
1245 2393 1333 2480 quod

238 2492 331 2557 nobis
351 2494 448 2558 etiam
464 2503 595 2582 propter
609 2494 820 2559 variationem
836 2491 1030 2580 liquidarum
1047 2494 1180 2561 dubium
1196 2498 1333 2563 videtur.

239 2593 369 2659 Curtius
396 2605 509 2661 contra
531 2618 604 2661 cum
627 2597 782 2663 Gocbelio
805 2595 903 2684 (stud.
917 2595 956 2660 '1¹’
978 2597 1056 2682 296)
1078 2594 1266 2686 ἀήσυρος
1289 2602 1335 2664 sic

238 2697 508 2786 quadripartitum
530 2700 667 2785 scripsit,
690 2702 737 2764 ita
758 2707 795 2763 ut
812 2720 833 2765 σ
847 2701 890 2764 sit
904 2710 1112 2785 augmentum
1125 2701 1228 2767 radici
1244 2702 1334 2768 addi·

237 2809 314 2881 tum,
334 2821 407 2864 oum
425 2800 518 2867 eres
536 2803 600 2868 538
623 2803 821 2888 tripartitum
843 2805 1007 2891 scripserit
1028 2796 1214 2891 ἀή-σιρο-ς,
1230 2807 1278 2869 ita
1299 2816 1335 2871 ut

239 2903 388 2967 suffixum
410 2904 572 2990 quoddam
596 2924 705 2990 -ovpo-
720 2910 870 2991 ponatur.
908 2906 1044 2971 Videtur
1058 2906 1151 2971 nobis
1166 2904 1247 2972 ha'ec
1259 2929 1334 2990 vox,

239 3008 265 3070 si
299 3029 364 3072 non
397 3029 438 3071 ex
470 3007 582 3072 formis
614 3004 706 3071 verbi
740 2998 825 3090 ἄημι
858 3009 1050 3092 sigmaticis,
1081 3008 1237 3093 explicari
1267 3033 1333 3076 non

236 3131 332 3195 posse
352 3108 408 3195 (of.
428 3132 458 3196 p.
482 3110 547 3197 83).

322 3212 420 3295 Quod
449 3205 547 3278 οισύα
578 3235 598 3277 ι
626 3212 743 3278 Fiokio
773 3212 839 3299 (11³
866 3213 945 3298 239)
974 3235 1015 3277 ex
1044 3214 1149 3280 forma
1177 3216 1333 3302 primaria

237 3320 360 3380 fosrva
380 3315 554 3394 derivatur,
575 3314 714 3402 probare
737 3340 802 3382 non
824 3336 1010 3404 possumus3
1042 3318 1201 3385 credimus
1216 3320 1332 3406 p'otius,

237 3440 309 3482 cum
340 3418 481 3484 radicem
510 3425 569 3482 for
590 3418 662 3504 jam
693 3438 791 3507 supra
817 3421 864 3507 (p.
887 3420 942 3506 52)
968 3423 1248 3507 constituerimus,
1279 3424 1331 3489 hio

237 3540 363 3606 quoque
387 3522 570 3586 suffixum·
558 3542 627 3588 --ov
650 3524 840 3589 sumendum
862 3546 941 3591 esse.

320 3626 484 3710 βασυνίας
505 3624 633 3711 (soil'
608 3649 711 3714 optor
732 3625 865 3711 Athen.)
887 3628 1050 3714 explicare
1071 3629 1239 3700 nescimus.

479 3812 529 3880 10.
573 3810 635 3877 ΣΙ
650 3811 810 3878 NATUM
831 3810 916 3878 EST
938 3812 1003 3878 EX
1029 3814 1084 3880 TI.

321 3928 413 3994 Haec
444 3950 572 4016 quoque
604 3930 656 3996 lex
685 3930 880 4017 quibusdam
909 3941 1033 3998 tantum
1062 3931 1207 3997 dialectis
1237 3904 1329 3999 attri-

236 4033 365 4099 buenda
394 4043 459 4117 est,
489 4055 571 4120 quas
600 4034 642 4098 ad
666 4022 864 4099 definiendas
885 4038 1024 4121 primum
1048 4058 1088 4102 ea
1110 4036 1260 4124 exemplo
1281 4058 1329 4102 se·

235 4158 420 4222 gregamus,
440 4138 474 4201 in
496 4136 615 4222 quibus
637 4146 713 4201 ante
736 4161 755 4202 τ
776 4137 898 4203 nasolis
920 4139 1027 4224 posita
1048 4149 1125 4205 erat.

319 4241 371 4305 Ac
397 4264 452 4307 ντι
473 4241 507 4304 in
530 4262 585 4306 νσι
607 4240 713 4326 (cuius
736 4240 857 4306 nasalis
879 4242 912 4305 in
936 4240 1071 4327 singulis
1092 4241 1239 4309 dialectis
1262 4244 1327 4306 sin-
