3256 4822
691 290 903 359 ..43-

243 462 425 552 explicandi
447 464 676 549 Brugmanum
703 463 980 551 (Bezzenbergers
1002 460 1095 530 beitr.
1118 462 1151 527 11
1175 463 1236 529 247
1260 469 1342 557 sqq.)

247 575 325 654 puto
358 567 533 654 reperisse,
566 566 622 653 qui
655 565 715 633 hos
747 569 886 634 aoristos
918 587 983 631 uno
1014 560 1180 652 ἐπριάμην
1208 565 1339 634 excluso

246 670 443 736 sanseriticis
458 675 667 752 attererem,
689 669 864 753 *dora-mo,
879 669 963 737 med.
978 669 1007 734 3.
1023 689 1106 755 pers.
1122 669 1253 751 *αρηωα
1268 670 1345 755 (bae

248 773 372 838 formae
402 773 446 840 ab
472 772 544 838 aliis
565 771 673 838 verbis
695 773 860 838 derivatae
882 772 1122 857 inveniuntur),
1152 769 1285 837 Graecis
1308 780 1345 838 ut

246 875 368 956 *hm
390 878 511 962 stapes
531 876 726 963 respondere
749 875 838 941 dixit.
876 875 1004 941 Deinde
1025 895 1130 961 neque
1145 869 1344 962 tuptoipqrc

248 980 355 1044 forma
383 983 570 1064 έιιρισαμην
603 980 743 1045 derivari
771 988 892 1068 potest,
925 999 999 1043 cum
1027 978 1210 1063 imperativi
1238 976 1343 1043 formu

245 1083 332 1166 πρίω
363 1082 460 1147 aliam
488 1083 643 1166 originem
673 1082 802 1149 indicet.
847 1080 998 1148 Ceterum
1028 1080 1082 1145 vd.
1112 1079 1197 1144 infra
1226 1078 1345 1144 ubido

246 1183 400 1250 Eleorum
422 1205 550 1271 quoque
573 1188 701 1252 aoristis
724 1187 792 1251 sine
815 1206 836 1250 o
858 1184 1005 1252 formatis
1028 1204 1242 1273 exponemus,
1263 1182 1340 1269 quid

246 1308 445 1355 censeamus.

331 1494 507 1580 Postquam
537 1493 636 1578 igitur
663 1493 868 1578 collegimus,
897 1514 982 1579 quae
1014 1490 1173 1559 vocabnla
1196 1492 1344 1577 sigmatis

248 1599 433 1663 extrusione
454 1607 533 1661 nata
555 1617 625 1661 esse
648 1597 820 1661 verisimile
842 1604 908 1678 est,
930 1617 1035 1682 pauca
1054 1595 1150 1660 liceat
1173 1593 1281 1660 dicere
1303 1594 1344 1660 dc

248 1700 408 1766 vocalium
432 1698 723 1785 conjunctionibus,
745 1701 829 1764 inter
851 1721 933 1785 quas
955 1718 976 1762 o
998 1697 1137 1785 positum
1159 1707 1237 1764 erat.
1280 1696 1340 1761 Pu·

247 1814 399 1869 taverunt
421 1803 483 1869 viri
504 1801 590 1867 do'cti
612 1803 660 1887 (et
681 1802 765 1868 inter
786 1824 842 1867 eos
864 1798 1016 1866 Kuhnius
1038 1798 1192 1866 Zeitschr.
1215 1798 1248 1863 ΙΙ
1265 1800 1342 1886 138)

249 1929 270 1973 o
292 1930 357 1972 non
379 1905 530 1971 excidere
545 1907 606 1970 nisi
622 1914 696 1991 post
710 1904 826 1970 breves
840 1905 979 1987 vocales,
1002 1903 1088 1991 quod
1104 1904 1221 1969 nostris
1236 1923 1341 1967 exem·

249 2009 311 2098 plis
333 2031 397 2074 non
418 2008 581 2096 probatur.
617 2008 703 2073 Raro
725 2009 854 2093 quidem
871 2017 979 2095 oport
992 2007 1137 2073 vocalem
1152 2005 1341 2094 productam

249 2113 397 2194 eliditur,
427 2111 485 2176 sed
514 2110 576 2176 hoc
605 2112 638 2175 in
665 2133 703 2176 eo
730 2111 859 2177 videtur
879 2113 1018 2198 positum
1041 2124 1129 2187 csse,
1160 2109 1246 2196 quod
1267 2129 1340 2174 con·

243 2216 386 2303 junctio:
402 2216 495 2302 ἰαιιμα
509 2238 570 2279 voc.
586 2223 620 2292 -t-
632 2235 653 2280 σ
663 2223 697 2292 †
708 2238 771 2281 voc.
783 2214 870 2279 haud
883 2236 980 2302 saepe
990 2216 1024 2281 in
1035 2213 1145 2298 lingua
1156 2212 1284 2278 Graeca
1293 2214 1341 2278 in·

248 2320 394 2401 venitur3
423 2318 619 2405 conjunctivi
641 2327 758 2399 autem,
780 2328 816 2382 ut
836 2309 907 2408 λύῃ,
930 2318 1009 2403 otuu
1029 2328 1088 2382 cet.
1110 2316 1341 2398 demonstrant,

246 2422 308 2489 hoc
336 2443 440 2509 genus
472 2421 613 2486 elisionis
644 2443 707 2485 non
740 2421 870 2485 omnino
893 2421 1014 2487 deesse.
1058 2420 1230 2485 Praeterea
1252 2418 1341 2484 elisio

247 2548 344 2612 saepe
373 2534 448 2613 post
477 2523 695 2612 diphthongos
724 2522 813 2588 sacta
839 2534 904 2589 est:
934 2533 1008 2613 poet
1034 2545 1077 2587 αυ
1098 2523 1130 2586 in
1155 2522 1233 2590 aeci.
1257 2522 1342 2599 αὕως

247 2639 318 2713 cet,
340 2639 470 2719 posteo
492 2629 525 2692 in
548 2624 639 2715 μεύω,
662 2637 736 2715 post
758 2651 798 2694 ov
819 2629 853 2693 in
875 2621 996 2711 ἀκούω,
1018 2634 1094 2715 post
1113 2649 1140 2690 ιι
1161 2625 1194 2690 in
1215 2622 1243 2690 εἰ
1262 2626 1341 2709 „is“,

245 2744 319 2822 post
336 2756 372 2797 αι
386 2735 420 2796 in
435 2733 541 2811 λαῖον,
564 2733 592 2795 si
607 2741 693 2797 recte
708 2732 859 2797 Fickium
876 2733 976 2796 secuti
992 2751 1113 2810 sumus,
1135 2738 1193 2794 cet
1230 2727 1341 2814 Neque

246 2858 264 2900 e
286 2834 452 2900 vocalibus
475 2854 496 2899 σ
518 2835 726 2920 sequentibus
755 2836 901 2920 exceptio
923 2833 1083 2921 quaedam
1106 2832 1234 2898 videtur
1247 2851 1342 2917 posse

249 2938 396 3002 derivari.
435 2935 532 3000 Hunc
553 2959 680 3024 quoque
702 2938 807 3004 locum
829 2940 933 3003 rarius
948 2938 1064 3021 longae
1079 2934 1207 3001 vocales
1222 2944 1341 3015 tenent,

248 3042 324 3128 quia
345 3040 494 3104 nimirum
514 3041 712 3127 conjunctio:
729 3065 792 3110 ooo.
811 3050 845 3119 †
857 3061 878 3106 o
889 3049 922 3118 -Ι-
934 3042 1026 3127 longo
1036 3063 1096 3108 ooo.
1108 3060 1184 3103 raro
1196 3037 1341 3116 obvenit,

247 3144 382 3228 genitivi
412 3151 519 3207 autem
548 3153 584 3207 ut
604 3137 793 3229 μελισσάων
814 3152 873 3210 oet.
896 3142 1137 3224 demonstrant,
1165 3141 1340 3223 elisionem,

245 3247 301 3314 ubi
323 3246 404 3312 hacc
426 3246 610 3333 conjunctio
633 3249 810 3329 existebat,
833 3270 897 3313 non
922 3269 993 3312 esse
1015 3249 1176 3313 omissam.
1218 3244 1338 3311 Rarius

248 3353 344 3416 etiam
368 3371 389 3416 o
411 3359 487 3414 ante
509 3348 742 3437 diphthongum
766 3351 886 3416 excidit
909 3361 941 3415 et
962 3351 1109 3438 exempla
1130 3371 1195 3414 non
1209 3360 1340 3434 praesto
1407 3364 1409 3369 ·

249 3464 341 3536 sunt,
373 3454 435 3519 nisi
456 3453 512 3518 ubi
535 3478 571 3519 αι
593 3451 813 3542 diphthongus
835 3475 856 3520 o
878 3453 1150 3540 subsequebatur,
1181 3454 1238 3518 sed
1254 3453 1341 3527 ,haec

244 3557 324 3641 (sec.
346 3578 431 3644 pers.
454 3567 491 3622 ut
511 3551 580 3623 λύει
603 3559 671 3623 sive
693 3550 753 3648 λύῃ
775 3559 865 3643 cet),
894 3578 977 3643 quae
999 3556 1164 3638 volumus,
1184 3557 1266 3622 ¹sutis
1288 3578 1339 3621 su·

243 3681 365 3745 perque
393 3661 621 3727 demonstrant.
666 3659 754 3725 Inter
781 3682 836 3725 eas
858 3659 1006 3737 vocales,
1037 3670 1112 3724 ante
1134 3681 1215 3745 quas
1237 3679 1258 3723 σ
1280 3680 1334 3723 ex-

243 3765 354 3828 tritum
376 3784 447 3827 esse
469 3763 615 3845 videtur,
637 3784 677 3828 ea
698 3784 826 3849 quoque
849 3761 1000 3828 habenda
1023 3771 1087 3839 est,
1111 3783 1207 3848 quam
1230 3761 1334 3848 Brug-

243 3887 319 3931 man
342 3865 484 3951 (Naeuiis
507 3868 651 3949 Sonans,
678 3867 761 3931 stud.
783 3864 850 3951 IX)
880 3864 1043 3953 quondam
1072 3866 1216 3931 naualem
1240 3867 1339 3933 fuisse

243 3977 353 4037 censet
374 3967 428 4054 (of.
451 3973 548 4034 ἕαται
566 3971 651 4056 oet).
689 3968 817 4035 Deinde
832 3990 853 4036 o
867 3969 998 4053 excidit,
1020 3970 1213 4055 ubicumque
1227 3970 1340 4037 literae

236 4076 258 4156 j
271 4084 306 4155 -ι-
320 4094 383 4135 ooo.
405 4072 639 4157 sequebantur,
662 4074 708 4138 sio
730 4076 785 4156 ἔαρ
799 4073 974 4159 „sanguis“
986 4093 1004 4136 a
1014 4075 1122 4159 ooojar
1134 4072 1341 4156 deduximus,

243 4166 364 4258 ystrio,
384 4174 574 4260 λιλαίομαι,
597 4175 767 4260 αἰδέομαι,
789 4171 894 4257 boios,
920 4184 991 4242 τοῖο
1012 4186 1072 4242 oet.
1098 4187 1172 4242 ante
1193 4201 1236 4255 ια,
1258 4179 1337 4264 εἴην,

242 4273 322 4358 εἴης,
344 4275 393 4356 ιἰἠ
417 4288 491 4344 anto
513 4302 562 4358 ιη,
588 4280 712 4362 tetrior,
735 4274 846 4346 ἀκούω
871 4296 947 4345 ente
970 4304 1007 4346 ιω
1030 4300 1051 4346 o
1072 4281 1224 4347 extritum
1246 4303 1338 4369 prce·
