3256 4822
680 248 889 312 ..27-

239 417 326 505 apud
349 416 560 499 Herodotum,
583 427 614 484 et
635 418 808 485 Homerico
817 410 934 503 Ἄρηος
954 418 1130 506 respondet
1151 441 1193 484 ex
1214 420 1328 505 regula

240 519 384 586 Atticum
402 515 538 608 ”Αρεως;
566 522 600 587 in
627 521 772 588 dialectis
794 544 871 588 vero
893 521 1034 610 Aeolicis
1056 521 1137 588 haec
1159 522 1328 589 declinatio

238 623 335 711 plane
363 624 477 690 eadem
508 634 557 690 est
584 648 623 691 ac
653 626 799 714 stirpium
828 626 863 691 in
893 647 942 689 -ευ
963 624 1051 710 (vide
1078 647 1194 713 supra3
1214 625 1329 692 Boeoti

239 735 353 814 postea
375 750 396 806 η
417 727 451 792 in
473 750 502 791 τι
522 730 756 814 mutaverunt);
779 729 856 815 quid
871 728 997 808 mirum,
1011 728 1098 815 quod
1113 729 1329 796 nominativus

238 831 273 895 in
297 830 433 913 -svr-his
454 829 584 896 casibus
607 831 736 897 additus
756 842 816 917 ost,
831 854 904 898 cum
918 833 1050 897 uomina
1065 831 1193 917 quidem
1208 834 1241 898 in
1257 855 1332 915 -εος,

239 955 343 1019 neque
373 956 449 1000 vero
484 935 616 1000 nomina
650 936 685 1001 in
717 958 769 1015 -ης
797 956 964 1024 personas.
983 934 1221 1000 indicaverint?
1265 934 1330 1000 Sed

241 1035 422 1101 differentia
451 1038 538 1124 apud
561 1037 702 1105 Boeotos
731 1039 861 1126 quidem
884 1060 921 1104 eo
945 1038 1083 1102 existere
1105 1038 1222 1124 potuit,
1243 1036 1330 1123 quod

240 1138 371 1204 nomina
390 1140 423 1205 in
444 1162 509 1217 -εος
527 1142 636 1209 omnia
652 1151 804 1227 oxytona,
818 1137 930 1226 Ἄρεος
947 1140 1047 1205 solum
1065 1139 1248 1227 berytonon
1262 1141 1331 1219 fuit,

242 1262 338 1328 quam
360 1241 401 1308 ob
424 1265 492 1308 rem
512 1242 556 1309 ad
574 1242 687 1330 Ἄρεος
709 1244 874 1313 aBoeotis
898 1244 1053 1329 singulari
1079 1243 1174 1310 modo
1191 1235 1333 1329 Ἄρτους,

235 1336 356 1426 Ἂριυϊ,
374 1337 494 1430 ”Apeva
524 1347 697 1413 formatum
726 1369 797 1413 esse
825 1356 923 1432 puto,
945 1369 1022 1412 nam
1046 1346 1134 1433 apud
1157 1346 1332 1413 Corinnam

241 1446 367 1532 (fragm.
392 1449 445 1533 11)
468 1449 568 1517 solam
592 1442 823 1537 forma’islpsva
844 1459 930 1516 certo
954 1450 1082 1533 legitur,
1104 1448 1187 1515 aliae
1210 1448 1332 1515 formae

242 1559 275 1616 et
294 1551 382 1637 apud
397 1550 660 1619 Choeroboscum
682 1554 751 1641 (qui
776 1552 984 1638 alias'dpsoc‚
995 1552 1089 1640 Ἀρεῖ,
1100 1551 1193 1640 Ἄρεα
1209 1550 1333 1638 scribit)

242 1654 335 1740 quasi
357 1654 511 1721 Aeolicae
533 1657 621 1722 etin
642 1657 819 1723 Anecdotis
834 1656 938 1723 Oxou.
961 1656 1030 1721 sine
1053 1655 1182 1721 dialecti
1203 1655 1331 1719 nomine

242 1757 380 1824 traditae
396 1767 470 1824 sunt
485 1769 516 1824 et
530 1759 636 1826 forma
646 1754 796 1843 Ἀρεύῑοι,
811 1761 942 1847 quaein
957 1759 1070 1825 Alcaei
1084 1759 1266 1842 fragmento
1280 1757 1332 1824 23.

242 1859 367 1946 legitur,
387 1883 452 1928 uon
468 1863 537 1930 sine
553 1861 753 1930 dubitatione
767 1864 927 1950 recipitur,
943 1884 1017 1931 cum
1031 1862 1173 1928 varietas
1187 1858 1332 1925 lectionis

243 1984 308 2027 non
330 1962 421 2031 desit.

330 2066 404 2132 Vox
426 2066 569 2132 eiusdem
591 2069 719 2153 generis
741 2069 803 2135 fuit
817 2069 955 2137 fortasse
971 2064 1092 2155 *ἀτρης
1108 2098 1152 2127 =
1166 2058 1333 2150 ἄτρεστος,

243 2169 283 2237 cf.
298 2167 428 2237 Anthol.
443 2169 546 2235 Palat.
561 2171 711 2258 Append.
734 2172 778 2236 50
798 2167 858 2236 οὐκ
873 2169 990 2257 ἁτρῆες
1005 2165 1153 2256 ἀνάγκαι
1169 2169 1336 2253 Μοιρέων,

243 2280 276 2338 et
298 2272 412 2340 eodem
434 2272 531 2339 modo
552 2275 668 2362 postea
689 2269 806 2360 ἀτρεύς
827 2307 871 2335 =
890 2275 1049 2360 ἄτρεστος
1072 2283 1184 2341 natum
1206 2281 1263 2338 est

333 2376 574 2462 Derivatorum‚
597 2399 680 2465 quae
697 2387 865 2465 praeterea
880 2378 922 2445 ad
937 2381 1053 2467 stirpes
1068 2379 1102 2444 in
1116 2396 1165 2442 -so
1179 2382 1336 2464 spectant,

242 2482 346 2568 primo
367 2483 499 2548 nomina
520 2480 676 2546 nonnulla
697 2482 847 2551 afferam:

328 2584 402 2653 adv.
432 2579 484 2650 cisi
505 2584 630 2671 (Boeot
661 2581 710 2672 ἠί)
738 2585 896 2651 locativus
926 2584 1036 2670 stirpis
1058 2589 1125 2659 αὶες
1147 2583 1216 2653 sive
1238 2584 1330 2656 alfer

244 2688 372 2755 videtur
395 2711 480 2769 esse,
502 2688 588 2773 quod
611 2689 708 2754 etiam
732 2688 893 2772 digammo
915 2688 950 2753 in
971 2688 1178 2774 inscriptione
1201 2686 1237 2753 O.
1260 2686 1290 2750 J.
1315 2686 1331 2749 1

202 2794 205 2799 ⁴
244 2802 275 2857 et
296 2792 408 2859 formis
429 2790 559 2856 Doricis
581 2795 664 2867 αὶος,
685 2787 751 2873 ὄιές,
772 2793 827 2877 qui
850 2790 1027 2856 accusativi
1048 2797 1151 2857 neutr.
1176 2810 1222 2874 sg.
1247 2796 1332 2868 sunt,

244 2895 492 2963 demonstratur.

331 2998 417 3063 Huic
446 2998 556 3081 generi
586 2997 753 3063 nominum
782 2997 912 3083 saepius
941 3004 975 3061 et
1003 3017 1106 3083 nuper
1128 3018 1149 3061 a
1175 2991 1337 3058 Zachario

246 3099 280 3186 (l.
310 3099 329 3167 l.
359 3122 389 3186 p.
414 3100 489 3187 127)
511 3101 656 3186 Βορέας,
677 3095 807 3188 βόρειος
829 3108 887 3165 cet.
910 3101 1031 3164 inserta
1054 3107 1144 3181 sunt,
1167 3118 1241 3163 oum
1261 3093 1335 3160 Joh.
1418 3175 1424 3185 .

246 3201 392 3269 Schmidt
413 3204 496 3288 (voc
519 3202 553 3267 II
575 3202 663 3288 224).
706 3203 828 3267 formas
849 3203 980 3289 βορέας,
1000 3198 1125 3287 βορρᾶς
1147 3200 1275 3288 quidem
1292 3220 1333 3264 ex

243 3306 361 3391 deeius
393 3306 588 3373 derivandas
617 3327 688 3373 esse
717 3314 855 3374 censeat.
899 3305 963 3372 Sed
985 3307 1090 3372 forma
1112 3298 1253 3393 Βοριιοίς
1276 3301 1336 3369 hoc

244 3410 340 3475 modo
363 3410 519 3496 explicari
541 3432 607 3477 non
627 3418 742 3499 potest.
1250 3428 1253 3441 ·

329 3515 445 3581 θέειον
466 3513 637 3600 ‚,sulphur“
650 3514 788 3580 fortasse
804 3512 912 3578 suffixi
927 3536 972 3579 -ιο
988 3533 1049 3598 ope
1065 3533 1086 3577 a
1101 3512 1200 3598 stirpe
1217 3511 1335 3575 defss-

246 3615 425 3681 derivatum
448 3626 507 3701 est,
530 3638 628 3704 quam
650 3616 787 3705 praebet
808 3639 873 3683 vox
896 3611 984 3692 θύος
1007 3614 1126 3697 „thus“.

330 3715 459 3797 αὶιτήεις
482 3726 713 3808 ‚,praeruptus“
734 3719 829 3786 nobis
850 3741 923 3785 cum
938 3718 1111 3784 Leskienio
1133 3716 1167 3801 (l.
1189 3715 1211 3784 l.
1233 3737 1264 3802 p.
1280 3716 1336 3800 99)

246 3821 288 3886 ad
317 3818 417 3897 αἴτιος
446 3822 663 3889 revocandum
685 3822 828 3901 videtur,
850 3821 1031 3909 quodcum
1054 3817 1214 3885 vocabulo
1238 3813 1337 3894 αὶπύς

245 3924 509 4012 conjungendum
524 3935 581 4006 est
596 3933 633 3991 ut
642 3920 776 4011 θράσος
790 3947 863 3990 cum
874 3919 1019 4013 θρασύς,
1032 3917 1137 4009 βάρος
1148 3943 1221 3987 cum
1232 3916 1337 4007 βαρύς

245 4036 304 4095 cet.
349 4027 471 4095 Forma
499 4031 654 4118 primaria
680 4029 742 4095 fuit
763 4033 984 4108 alnao-fm·;
1008 4024 1065 4089 sed
1088 4025 1129 4091 cf.
1152 4025 1190 4093 L.
1213 4025 1337 4112 Meyeri

245 4131 347 4215 vergl.
379 4153 515 4217 gramm.
538 4133 572 4197 ΙΙ
596 4134 667 4199 602.
710 4131 835 4199 Eodem
858 4129 953 4196 modo
975 4127 1126 4194 videntur
1148 4136 1226 4194 nata
1249 4149 1336 4193 esse:

246 4226 365 4314 θυήεις
395 4229 450 4323 (τὰ
472 4231 584 4323 θύος),
614 4234 752 4302 fortasse
782 4225 909 4314 κοτήεις
930 4233 1020 4318 (uam
1048 4253 1089 4297 ex
1117 4222 1339 4299 corturiaco
