3256 4822
662 226 996 323 ’-61-«

255 451 354 512 orror,
377 422 515 512 πρασιά,
536 425 699 516 πράσων,
721 439 889 515 praeterea
909 431 1040 497 nomina
1062 451 1171 517 propr.
1186 431 1346 514 Πρασιαί,

252 528 490 618 Boo-nouom
519 532 656 597 fortusse
679 554 752 598 eum
773 533 823 598 his
847 535 1072 621 conjungenda
1094 541 1178 601 sunt.
1222 534 1345 599 Oontra

255 635 397 718 nomina,
421 656 505 722 quse
519 635 552 699 iu
568 634 937 722 Batrachomyomaohie
950 637 1111 723 leguntur,
1127 660 1147 702 a
1160 646 1258 724 poeta
1271 639 1341 724 ipso

254 734 841 824 fiete,Hoooootor,119aooo‹poiyoc,
863 762 921 827 per
942 739 1062 827 duplex
1083 761 1105 807 o
1126 741 1245 827 scriptu
1261 750 1344 810 sunt.

338 841 468 907 Deinde
478 841 595 908 Fiokio
606 840 670 927 (ΙΙ3
684 841 761 928 236)
777 841 912 908 debetur
926 842 1054 909 collatio
1067 842 1218 930 adjectivi
1229 837 1343 920 λάσιος

252 943 420 1026 ,‚villosus“
448 967 521 1010 eum
545 944 594 1012 zd.
616 968 741 1027 uerequ-
764 945 905 1026 „oriuis“‚
927 946 972 1010 lit.
993 971 1132 1028 vareo-s,
1154 947 1232 1015 slav.
1253 951 1343 1013 oleret

253 1048 395 1127 „orinis“.
440 1047 588 1129 Quocum
614 1046 773 1113 vocabulo
795 1047 1023 1134 conjungendo
1044 1050 1195 1116 videntur
1218 1045 1342 1116 λασιών

250 1161 309 1218 eet.
337 1151 390 1245 (of.
413 1152 496 1219 Van.
518 1150 595 1237 935)
625 1160 674 1231 et,
700 1152 734 1216 ni
756 1150 869 1231 fallor,
900 1158 1077 1241 composito
1099 1176 1227 1241 quoque
1249 1155 1340 1219 λασι-

252 1246 360 1340 αύχην
388 1252 554 1336 „villosum
583 1254 700 1320 collum
728 1259 873 1338 gerens“,
901 1256 1101 1342 λασί-μηλον
1122 1258 1239 1343 (genus
1265 1257 1343 1321 mali

254 1357 428 1444 cydoniei)‚
457 1356 545 1444 quod
567 1380 588 1423 a
608 1355 761 1424 Jacobsio
785 1357 871 1444 apud
886 1358 1003 1426 Athen.
1025 1385 1057 1449 p.
1080 1362 1122 1428 82
1137 1361 1171 1427 Β
1191 1384 1251 1448 pro
1273 1356 1343 1449 rioi-

250 1461 358 1544 μηλον
380 1461 538 1528 scribitur.

335 1563 460 1631 Eodem
471 1564 567 1631 modo
579 1564 716 1630 fortasse
723 1556 985 1652 γράσων(·μωρέ,
994 1559 1341 1654 irouororeHesyoh.)

170 1698 175 1701 v
253 1666 481 1755 explicandum
511 1677 576 1748 est,
602 1688 797 1754 quamquem
827 1668 1024 1754 etymologia
1045 1671 1187 1735 nondum
1209 1671 1342 1735 inventa

252 1781 313 1851 est3
344 1780 473 1855 eontra,
494 1773 528 1837 ni
551 1771 660 1851 fallor,
681 1770 744 1837 hoo
765 1772 899 1837 verbum
922 1795 943 1838 a
964 1770 1103 1860 γρᾶσος,
1124 1769 1255 1861 γράσων
1276 1773 1341 1859 (vd.

254 1894 352 1959 supra
379 1896 410 1961 p.
438 1874 494 1960 48)
524 1873 758 1959 seiungendum
787 1885 852 1957 est,
875 1896 1069 1962 quemquem
1091 1871 1213 1962 yooiooc
1235 1898 1256 1941 a
1277 1876 1340 1941 He-

254 1975 366 2063 sychio
389 1976 590 2062 (δυσοσμία)
612 1998 685 2041 oum
708 2002 731 2040 α
751 1989 898 2064 correpto
921 1979 1079 2046 scribitur.

339 2079 404 2146 dat
426 2078 469 2166 pi.
491 2086 528 2143 ut
550 2073 693 2167 τετράσι,
712 2076 862 2166 πατράσι
876 2091 945 2164 eet,
960 2103 1033 2146 oum
1049 2082 1224 2149 seeundum
1238 2083 1342 2167 Brug-

251 2204 382 2251 manum
403 2183 437 2269 (Ι.
466 2181 500 2268 l.)
528 2182 571 2249 ud
592 2182 713 2248 formas
740 2185 912 2270 primarias
942 2208 1015 2251 eum
1038 2213 1055 2251 r
1076 2185 1181 2252 vocali
1204 2186 1341 2272 scriptas

250 2286 411 2354 referendi
436 2286 500 2350 sint
521 2284 575 2372 (of.
597 2307 672 2353 sser.
692 2286 821 2373 pirou),
836 2287 889 2354 hie
903 2289 1006 2354 omitti
1020 2298 1156 2377 possunt
1167 2289 1221 2376 (ef.
1235 2310 1266 2375 p.
1278 2288 1340 2375 65).

331 2385 524 2474 βλασάμοιο
553 2389 641 2475 apud
670 2388 822 2457 Nicandr.
851 2391 1019 2479 Alexiphr.
1050 2393 1092 2457 64
1120 2392 1177 2457 vix
1206 2401 1256 2456 est
1284 2413 1342 2457 eur

248 2495 460 2575 nominemus,
483 2493 560 2578 quia
580 2515 603 2557 e
624 2502 721 2579 poeta
743 2495 814 2580 ipso
837 2495 1034 2583 exemplaria
1055 2504 1183 2561 vetuste
1197 2497 1342 2561 imitante

248 2589 397 2682 (θαρσύς
418 2604 546 2682 prester
560 2591 710 2684 θρασύς)
729 2620 787 2685 per
800 2598 994 2664 metathesin
1010 2620 1028 2663 e
1040 2594 1220 2683 βάλσαμον
1232 2597 1341 2663 fiotum

251 2699 379 2765 videtur
408 2698 629 2786 (Siegismund
658 2698 741 2766 stud.
764 2700 793 2765 V
824 2701 908 2788 174.)
952 2700 1103 2767 Ceterum
1125 2699 1187 2766 hoe
1209 2700 1342 2766 verbum

251 2803 428 2868 seeundum
444 2800 532 2888 Aug.
546 2801 664 2868 Mulier
678 2802 788 2889 (Beer.
803 2803 895 2893 beitr.
910 2804 925 2868 l
940 2804 1019 2888 281)
1034 2802 1152 2869 Graeci
1168 2825 1208 2870 ex
1222 2804 1340 2889 linguis

250 2904 412 2970 Semitieis
435 2907 572 2970 mutuati
594 2915 676 2972 sunt.

333 3007 488 3073 Fortasse
525 3003 667 3095 κρησέρα
700 3008 886 3090 ‚‚oribrum“‚
918 3009 1004 3095 quod
1033 3031 1107 3075 oum
1135 3009 1189 3077 lut.
1218 3032 1340 3074 eooere

248 3109 451 3176 contulerunt
465 3110 603 3197 (Benfey
625 3110 659 3174 ΙΙ
683 3111 758 3193 1713
774 3112 857 3179 Van.
881 3114 989 3200 1088),
1009 3111 1180 3180 metathesi
1194 3114 1334 3199 quadam

248 3214 429 3301 posteriore
450 3215 484 3279 in
507 3214 592 3280 hene
612 3213 750 3280 formam
771 3236 961 3282 conversum
983 3225 1043 3286 est.

513 3401 540 3469 7.
584 3400 626 3467 Σ
642 3399 707 3466 EX
729 3400 790 3468 ΣΙ
811 3401 969 3470 NATUM
992 3402 1085 3473 EST.

337 3518 532 3585 Huiusmodi
553 3541 620 3586 non
634 3520 797 3585 invenitur
811 3520 873 3586 nisi
888 3543 988 3589 unum
1003 3533 1125 3591 eertum
1141 3523 1338 3612 exemplum:

248 3623 341 3697 ἲσσος
357 3630 390 3686 et
404 3645 487 3710 quae
501 3624 578 3690 inde
594 3623 740 3689 derivato
755 3630 844 3702 sunt3
864 3645 906 3688 ex
920 3626 1032 3691 formis
1048 3628 1256 3694 dialectorum
1271 3647 1338 3711 γισ-

247 3724 318 3808 yo'u·
348 3722 438 3809 tour,
469 3726 528 3792 leo.
555 3726 647 3813 βίωρ·
671 3725 763 3808 ἴσως,
785 3725 869 3792 hom.
892 3731 963 3808 ἐΐση
984 3730 1064 3818 (soil.
1086 3731 1168 3807 ναῦς
1189 3731 1261 3817 oet)
1285 3732 1339 3817 [of.

248 3836 426 3913 praeterea,
448 3850 531 3915 quse
545 3829 630 3896 Fiok
651 3829 684 3893 Ι8
707 3829 768 3896 787
791 3829 940 3897 eontulit:
965 3828 1063 3909 ἶσσος·
1084 3828 1213 3920 γαλήνη
1227 3844 1259 3899 et
1273 3843 1338 3920 got.

245 3932 316 3996 oua
337 3953 368 3997 n.
390 3930 449 4017 iu]
494 3932 625 4001 Curtius
640 3932 746 4019 (Grz.⁴
767 3933 846 4019 382)
869 3934 1000 4022 stirpem
1020 3936 1121 4002 fuisse
1142 3939 1244 4004 fiofo
1263 3960 1337 4005 oon·

246 4033 349 4116 elusit,
364 4033 416 4098 oui
433 4057 511 4106 sser.
525 4038 609 4103 ortu-
627 4043 659 4100 et
672 4036 812 4101 oehuoam
827 4041 1008 4124 comparari
1018 4041 1151 4127 possint.
1183 4042 1338 4109 Eiusdem

246 4135 354 4222 stirpis
370 4145 446 4202 sunt
459 4136 549 4224 αἶσα,
565 4138 707 4224 ociossuo,
723 4138 857 4214 otiosior
868 4138 1007 4225 (Ciemm
1023 4145 1104 4208 stud.
1115 4143 1166 4210 III
1182 4148 1246 4213 300
1256 4145 1336 4233 sqq.)

248 4249 316 4324 eet,
338 4241 377 4304 of.
402 4238 610 4331 αὶσυμνητήρ
631 4250 690 4308 oet
713 4241 806 4326 (Van.
829 4242 914 4328 664).
