3256 4822
705 261 917 326 ..91-

261 433 339 520 (VII
362 433 418 519 91)
447 455 489 499 ex
519 433 616 498 coriis
638 430 758 497 bovum
782 431 890 497 crudis
910 431 1033 497 fiebant
1052 433 1203 515 λαισήϊα,
1232 453 1359 518 quasa

263 534 416 601 Cilicibus
439 531 517 615 ,ἀντ’
541 531 699 601 οἰσπίιλανι
722 532 969 600 adhibebantur.
1007 532 1156 614 Quocum
1169 533 1358 621 plerumque

262 637 424 724 adjectiva
458 637 575 713 λα’σιος
608 647 640 702 et
671 628 765 711 λαιός
798 645 987 723 comparata
1020 643 1112 715 sunt3
1150 635 1208 700 sed
1240 637 1358 702 certius

262 741 357 806 nobis
379 738 521 821 videtur,
550 740 675 824 glossas
697 737 924 824 Hesychianas
952 736 1081 812 λαισοὶς·
1110 734 1131 816 ἡ
1160 747 1281 824 παχεῖα
1310 736 1359 816 ἐξ·

161 855 164 861 ’
262 843 354 927 αμίς,
374 844 538 917 λαίσπαις·
560 835 784 925 βούπαιςοολ.
807 839 1018 906 conferendas
1041 860 1120 909 esse.

346 946 429 1029 μίσυ
442 944 552 1030 (Meu,
572 943 707 1027 Diosc.).
746 940 827 1007 Cum
850 942 986 1028 fungum
1000 941 1105 1007 tuberi
1120 941 1255 1008 similem
1270 943 1357 1031 apud

266 1045 427 1133 Theophr.
456 1046 632 1133 significet,
661 1067 726 1111 non
748 1043 845 1128 longe
866 1044 973 1124 abest,
1004 1044 1044 1109 de
1066 1043 1176 1109 radice
1196 1045 1251 1110 αιιλ
1272 1046 1359 1130 cogi·

263 1157 343 1229 tare,
365 1171 407 1215 ex
428 1171 494 1235 qua
517 1150 651 1216 verbum
667 1148 713 1214 lit.
728 1150 837 1229 ααάιίι,
858 1148 966 1227 mitat,
986 1150 1075 1212 misti
1085 1146 1170 1231 ,‚ali“
1184 1147 1358 1213 formatum

258 1249 402 1332 uidetur,
423 1253 469 1316 ita
491 1261 527 1316 ut
549 1251 702 1317 suffixum
723 1269 792 1315 -ov-
816 1249 999 1339 ponendum
1022 1251 1069 1314 sit
1131 1272 1134 1276 ·

347 1347 496 1438 μόσυλον
516 1351 723 1419 Dioscorides
753 1353 796 1417 ad
819 1362 1003 1432 externam,
1033 1351 1068 1416 ni
1087 1351 1193 1431 fallor,
1214 1352 1358 1439 plantam

249 1456 512 1541 *significandam
534 1455 713 1543 usurpavit.

348 1549 447 1634 νῠσος
484 1536 660 1625 abeundum
694 1558 844 1624 Nonnum
881 1557 1031 1623 dicebant
1065 1555 1263 1643 Syracusani
1300 1574 1358 1640 pro

258 1661 377 1747 χωλός.

348 1761 432 1829 Cum
454 1763 590 1838 οίσνπος
612 1762 750 1848 (Diosc.)
773 1762 825 1841 cl,
855 1783 938 1848 quae
960 1761 1094 1826 eandem
1117 1761 1282 1825 notionem
1303 1758 1359 1823 ha·

261 1866 371 1946 »beant
393 1862 549 1946 ὀῖσπάιη,
570 1862 671 1943 οίσπη
692 1864 784 1949 (Hdt.
806 1863 854 1929 IV
876 1865 959 1950 187),
981 1858 1102 1942 ολσύπη
1118 1862 1251 1951 (lappa,
1274 1865 1359 1928 olov-

265 1971 321 2044 πίς
349 1967 438 2054 (iu),
465 1988 571 2053 neque
598 1967 680 2032 aliae
707 1967 829 2033 formae
852 1967 983 2032 desunt:
1012 1967 1171 2048 οίσπότη,
1201 1960 1359 2043 cloacina,

264 2073 444 2136 dissuasor.
488 2072 596 2156 Atque
625 2071 660 2133 in
680 2071 788 2157 priore
808 2079 901 2157 parte
923 2073 1054 2155 stirpem
1078 2064 1135 2135 dfe
1157 2070 1273 2149 latere,
1300 2089 1361 2133 nec

263 2171 399 2238 braccis
422 2173 518 2259 ipsis,
544 2174 579 2235 ni
600 2172 711 2257 fallor,
740 2172 880 2238 alienum
902 2173 980 2252 fuit3
1011 2172 1131 2238 formas
1154 2172 1237 2237 enim
1259 2173 1359 2238 versi·

263 2274 387 2341 colores
417 2297 435 2340 e
463 2273 641 2361 veriloquio
670 2274 757 2341 haud
790 2279 867 2342 satis
897 2276 1037 2342 dilucido
1059 2274 1268 2361 explicandas
1291 2294 1362 2340 esse

264 2398 388 2445 censeo.
436 2376 572 2443 Fickius
600 2377 717 2443 deinde
748 2377 811 2464 (11⁸
838 2380 915 2466 257)
945 2381 999 2445 lat.
1026 2384 1123 2444 eacus
1152 2377 1362 2465 comparavit,

263 2482 317 2546 cui
339 2480 517 2546 differentia
539 2483 729 2568 quantitatis
751 2505 816 2549 non
837 2484 940 2567 favet,
962 2503 1032 2564 neo,
1055 2503 1118 2568 quo
1142 2502 1239 2548 sensu
1261 2481 1362 2547 verba

267 2583 490 2662 adhibeantur,
514 2584 707 2668 significatio
729 2586 798 2650 suci
820 2587 974 2671 primaria
996 2584 1184 2651 ostenditur.
1322 2583 1325 2589 ’

350 2680 440 2761 ὅσιος
457 2687 527 2770 jam
550 2706 648 2772 supra
670 2687 716 2774 (p.
740 2687 794 2772 79)
817 2687 992 2754 attulimus.

352 2787 463 2875 ὄσυρις
485 2798 534 2853 est
555 2788 667 2875 planta
689 2789 847 2874 quaedam
867 2789 955 2876 apud
977 2788 1095 2869 Diosc,
1119 2786 1189 2855 Gal.

350 2885 466 2953 παισά·
488 2890 698 2955 πλακούντια
720 2885 813 2974 παρὰ
827 2887 937 2966 Κοίοιο
952 2891 1042 2977 (Ath.
1065 2915 1095 2978 p.
1118 2891 1181 2956 646
1203 2892 1245 2969 F3
1275 2891 1362 2957 idem

266 2989 359 3055 affert
380 2990 535 3077 Hesych.)

351 3093 510 3158 πλαίσιον
539 3100 764 3178 „tetragonum
794 3094 980 3181 oblongum,
1010 3117 1105 3162 omne
1127 3118 1244 3184 corpus
1266 3098 1361 3163 huius

251 3194 412 3260 .¹formae“
441 3192 572 3260 Curtius
597 3194 706 3280 (Gra.4
735 3197 813 3283 669)
844 3218 917 3263 cum
949 3200 1136 3266 πλαθανον
1165 3212 1224 3268 cet.
1255 3198 1361 3286 (θον

269 3319 312 3363 no
334 3299 427 3385 36712)
458 3309 632 3384 cognatum
662 3309 694 3364 et
716 3322 734 3365 e
756 3300 861 3366 forma
884 3303 1039 3369 naamon
1058 3302 1271 3369 derivandum
1291 3326 1362 3368 esse

268 3401 359 3468 dixit.
404 3401 467 3467 Oui
488 3401 611 3482 dubito,
633 3424 710 3467 num
729 3391 905 3483 assentiar,
931 3405 1008 3491 quia
1030 3407 1184 3471 πλαίσιον
1205 3427 1270 3470 non
1291 3405 1361 3492 pla·

268 3526 347 3569 num
362 3507 396 3570 in
410 3508 596 3571 universum
611 3516 647 3571 ut
661 3505 717 3570 illa
730 3507 898 3592 vocabula,
914 3509 970 3574 sed
986 3509 1122 3574 formam
1138 3510 1233 3572 certis
1243 3506 1362 3574 finibus

268 3609 542 3697 circumscriptam
558 3609 726 3694 significat.
758 3607 861 3674 Adest
876 3609 1033 3676 scholium
1044 3609 1106 3676 hoc
1117 3610 1214 3697 (Van.
1225 3635 1258 3700 p.
1269 3611 1362 3697 553):

268 3711 409 3777 πλαίσια
439 3705 546 3799 ὥσπερ
575 3713 739 3790 πλινθία,
771 3715 807 3777 ἐν
835 3706 884 3786 οἷς
913 3707 1135 3780 πλινθεύουσι
1164 3724 1197 3780 et
1224 3716 1362 3781 fortasse

270 3813 428 3879 πλαίσιον
449 3833 522 3878 cum
544 3816 691 3889 πλίνθος
714 3821 773 3878 cet.
796 3813 876 3900 ipsis
898 3818 1090 3899 cognatione
1112 3817 1270 3883 cohaeret.

354 3915 555 4001 Πρόσυμνος
578 3916 682 4001 (Beni.
704 3915 720 3979 1
743 3915 819 4001 464)
848 3924 880 3993 et
906 3913 1120 4003 ἡπρόσαμνα
1142 3922 1222 3985 situs
1243 3923 1278 3986 in
1299 3922 1362 3986 Ar·

268 4017 375 4102 gabda
398 4040 418 4082 a
440 4028 531 4105 parte
547 4021 668 4084 Asterii
689 4018 829 4083 fluminis
852 4020 1036 4085 nominatus
1059 4030 1116 4085 est.
1154 4021 1246 4103 Quas
1267 4045 1361 4091 voces

268 4120 354 4185 Fick
375 4122 578 4208 (personenn.
600 4145 631 4209 p.
654 4124 708 4208 73)
731 4122 815 4185 inter
836 4126 1014 4208 composita
1036 4136 1190 4192 numerat.
