3256 4822
729 256 940 321 ..82-

289 431 402 498 formis
425 451 487 494 sec.
505 449 590 516 pers.
605 426 687 492 med.
710 426 856 509 eandem,
879 448 975 513 quam
991 426 1126 510 Osthoff,
1148 428 1381 494 restitutionem

290 535 410 600 factam
448 554 519 597 esse
552 531 706 596 habemus
740 552 948 618 persuasum,
985 552 1082 617 quam
1115 531 1156 596 ad
1191 533 1381 596 sententiam

292 637 502 702 dialectorum
524 635 740 721 discrepantia
763 637 842 699 satis
865 655 1024 721 superque
1047 634 1244 701 adducimur.

375 738 528 802 Facimus
543 737 659 802 deinde
673 759 747 803 oum
759 736 918 804 Osthoffio
934 736 1139 803 contendenti
1154 736 1295 823 (11337
1313 740 1382 825 sq.),

290 841 547 908 terminationem
575 859 654 905 -σαν
682 846 753 906 tert.
781 861 866 926 pers.
889 839 933 927 pl.
956 849 1135 925 temporum
1158 840 1381 908 historicorum

291 967 308 1010 e
331 945 441 1010 formis
464 944 655 1008 aoristorum
678 950 714 1005 ut
737 942 878 1026 ἔδειξαν,
906 943 1068 1031 ἔπραξαν,
1091 945 1278 1010 laecasin
1300 945 1381 1010 alias

291 1049 411 1113 formas
427 1045 568 1134 (ἔδοσαν,
589 1047 730 1133 ἔφασαν,
752 1048 904 1127 ἵστασαν,
926 1048 1100 1126 σταίησαν,
1122 1048 1293 1131 ὲμίγησαν,
1314 1043 1381 1112 ἐλύ-

290 1151 422 1237 θιησαν)
444 1171 515 1215 esse
536 1146 737 1226 translatam,
758 1169 841 1234 quae
856 1147 1015 1214 sententia
1029 1170 1067 1213 eo
1082 1149 1282 1234 potissimum
1297 1172 1382 1217 com·

292 1253 472 1334 mendatur,
494 1251 581 1338 quod
602 1272 621 1315 e
642 1250 762 1334 linguis
783 1250 977 1338 comparatis
999 1252 1147 1319 concludi
1167 1261 1283 1339 potest,
1304 1275 1382 1319 -σαν

294 1357 406 1422 horum
437 1377 502 1420 non
532 1352 573 1417 ab
603 1353 694 1416 initio
724 1354 888 1438 proprium
917 1353 1024 1419 fluisse.
1073 1355 1169 1437 Quod
1197 1355 1383 1444 plerumque

293 1457 450 1538 creditur,
479 1456 564 1522 hano
593 1456 848 1520 terminationem
876 1467 986 1522 notam
1015 1478 1086 1522 esse
1114 1478 1155 1522 ex
1177 1458 1275 1524 verbo
1298 1459 1383 1546 quod
1426 1468 1429 1483 ¹

294 1569 414 1625 vocant
446 1559 595 1624 auxiliari
628 1582 681 1637 aa,
715 1581 775 1624 nos
801 1581 865 1624 non
894 1559 1092 1647 rejiciamus,
1126 1561 1154 1625 si
1183 1562 1312 1649 quidem
1342 1563 1382 1627 de

294 1665 397 1750 primo
429 1662 517 1728 fonte
546 1669 680 1745 agatur,
709 1683 727 1724 e
756 1682 820 1747 quo
843 1658 1050 1729 emanaverit.
1095 1664 1300 1752 Quamquam
1322 1666 1384 1731 hae

297 1767 456 1830 sententia
485 1788 550 1830 non
573 1764 767 1851 explicatur,
795 1787 853 1829 our
873 1786 894 1830 σ
915 1776 1077 1832 servatum
1101 1768 1151 1833 sit.
1194 1766 1276 1833 Oum
1299 1771 1383 1833 enirn

294 1890 367 1932 oum
396 1864 507 1932 Curtio
540 1867 606 1952 (vb.
635 1864 669 1931 II
701 1867 764 1933 235
799 1869 859 1955 sq.)
891 1861 969 1957 ᾔδεα
997 1893 1038 1935 ex
1064 1866 1169 1961 ᾐὸισα
1196 1872 1243 1935 ita
1272 1882 1382 1937 natum

295 1981 455 2058 putemus,
476 1978 512 2034 ut
532 1970 645 2034 eadem
668 1971 859 2048 terminatio,
881 1992 964 2056 quae
986 1980 1035 2036 est
1055 1974 1234 2061 imperfecti
1255 1977 1294 2039 ἔα
1308 1968 1383 2061 (ἦα)

293 2076 315 2141 i.
346 2097 373 2137 e.
402 2079 461 2139 ὲσα
491 2069 600 2159 (boa),
633 2074 676 2137 sit
705 2073 830 2155 addita,
857 2095 993 2160 cumque
1013 2097 1056 2139 ex
1077 2075 1140 2140 bac
1161 2078 1266 2141 forma
1287 2097 1308 2141 σ
1329 2099 1384 2141 ex·

295 2178 405 2242 tritum
428 2179 480 2259 sit,
501 2186 586 2241 recte
606 2176 648 2241 ab
664 2175 823 2243 Osthoffio
839 2176 993 2242 auxilium
1008 2180 1239 2266 interpretandi
1254 2178 1384 2245 aliunde

297 2282 467 2366 repetitum
489 2301 559 2343 esse
582 2301 758 2346 censemus.
801 2279 869 2344 Nee
890 2281 983 2365 parvi
1005 2283 1221 2360 aestimamus,
1245 2283 1328 2368 quod
1344 2303 1385 2345 ex

297 2382 393 2446 huius
414 2382 476 2446 viri
499 2381 582 2447 docti
606 2383 765 2447 sententia
785 2382 968 2468 percipitur,
989 2405 1047 2448 cur
1061 2394 1187 2473 praeter
1200 2379 1290 2476 ᾖδε-α
1306 2383 1384 2468 (sig-

299 2495 384 2550 mate
413 2486 556 2571 extruso)
585 2483 744 2550 scribatur
765 2478 902 2573 ᾔδεσαν,
930 2495 1058 2572 praeter
1079 2490 1131 2553 ἔα
1153 2479 1241 2572 (ri-a)
1263 2508 1387 2572 sempor

283 2590 377 2653 ’ἕσαν
398 2580 519 2674 (ἦσαν).

383 2690 459 2756 Jam
481 2691 698 2776 quaerendum
721 2699 778 2771 est,
800 2713 877 2755 num
900 2692 1028 2776 singula
1048 2691 1207 2757 vocabula
1227 2695 1384 2778 reperian-

301 2804 362 2875 tur,
384 2817 519 2880 quorum
542 2813 563 2856 σ
586 2793 626 2857 ab
649 2795 739 2859 initio
761 2796 845 2866 inter
861 2795 987 2860 vocales
1002 2797 1140 2882 positum
1156 2796 1278 2859 elisioni
1293 2794 1385 2857 huius

300 2899 452 2985 spirantia
481 2897 562 2962 alias
592 2918 656 2961 non
686 2897 825 2961 omissae
855 2898 1002 2984 supersit,
1052 2898 1102 2961 Ae
1131 2921 1172 2962 ne
1198 2906 1387 2986 repetamus,

301 3024 384 3087 quae
405 3002 439 3065 in
460 2998 726 3088 praecedentibus
749 2998 791 3063 ad
812 2999 967 3085 liquidum
988 3021 1052 3065 non
1067 3000 1286 3086 perduximus,
1308 3021 1389 3063 neve

301 3128 340 3169 ea
362 3105 577 3183 cumulemus,
608 3102 787 3188 dequibus
810 3102 888 3166 nibil
910 3111 1051 3181 constat,
1081 3124 1202 3190 paucas
1223 3125 1319 3167 voees
1342 3101 1389 3165 af-

300 3208 454 3272 feremus:

387 3307 518 3394 ἄμέσω(·
540 3298 747 3393 ὠμοπλάται.
764 3307 918 3393 Hesych.)
934 3307 1064 3373 Curtius
1080 3307 1156 3392 (ind.
1173 3305 1268 3371 schol.
1283 3306 1391 3369 Kiliae

303 3413 401 3498 1856)
427 3433 501 3476 cum
530 3432 607 3477 sscr.
636 3413 754 3488 adeso,
785 3420 848 3493 got.
871 3436 974 3491 amaa,
1001 3429 1107 3493 graec.
1130 3395 1217 3491 ὦμος
1237 3409 1284 3471 ita
1305 3429 1389 3472 com-

302 3516 440 3602 paravit,
462 3523 498 3579 ut
516 3523 665 3601 putemus
680 3514 725 3597 (in
741 3513 886 3592 diversis,
908 3517 941 3577 ni
956 3512 1059 3594 fallor,
1080 3511 1240 3595 dialectis)
1255 3533 1274 3575 e
1288 3511 1392 3575 forma
1471 3514 1481 3530 '

302 3618 455 3707 primaria
488 3614 583 3701 ἀμσω
616 3617 683 3680 sive
714 3610 820 3700 ὀμσω,
852 3624 888 3682 ut
916 3640 957 3681 ex
987 3604 1162 3699 tyara-ua
1191 3617 1311 3698 bopo,
1347 3616 1393 3679 sic

303 3720 380 3807 ὤμω
387 3770 396 3804 ,
427 3733 483 3787 aut
509 3732 545 3786 ut
573 3743 613 3784 ex
641 3740 757 3804 γαμσω
784 3719 958 3805 pendebo,
988 3720 1035 3782 sio
1063 3713 1174 3801 ἀμὲσω
1203 3716 1291 3781 faeta
1315 3739 1393 3796 esse,

303 3836 335 3889 et
356 3824 461 3909 ((1ιά.4
484 3825 559 3910 341)
589 3823 722 3910 adjecit,
752 3845 766 3885 s
796 3821 939 3887 vocalem
962 3820 1149 3886 auxiliarem
1173 3821 1394 3906 interpositam

304 3950 388 4007 esse,
418 3926 686 4013 quemadmodum
708 3926 742 3990 in
763 3949 923 3990 arm-erus.
968 3922 1064 4006 Quod
1088 3925 1115 3988 si
1137 3931 1260 3987 rectum
1282 3931 1331 3987 est
1353 3958 1393 3969 -

304 4053 364 4096 nec
392 4054 451 4095 nos
481 4031 576 4094 aliam
604 4029 761 4094 rationem
789 4026 970 4115 explicandi
999 4025 1155 4091 habemus
1184 4064 1224 4073 -
1253 4045 1274 4090 σ
1300 4024 1395 4088 huius

304 4133 455 4200 vocabuli
476 4155 541 4197 non
565 4141 737 4218 antequam
760 4131 848 4195 elisio
871 4131 1023 4216 spirantis
1045 4129 1190 4216 perfecta
1204 4137 1261 4207 est,
1282 4129 1301 4190 i.
1319 4149 1346 4194 e.
1362 4127 1396 4190 in

306 4238 442 4323 siugulis
473 4235 635 4313 dialectis,
666 4234 750 4298 inter
778 4235 906 4300 vocales
926 4233 1066 4322 positum
1088 4241 1152 4312 est,
1184 4253 1244 4296 neo
1265 4250 1325 4316 par
1347 4238 1397 4295 est
