3256 4822
688 269 898 333 ..39-

332 438 465 527 ῥούσιος
488 439 569 523 (sive
591 433 768 526 ῥούσσαιος
790 436 900 502 Diosc.
922 434 971 500 IV
995 437 1071 522 131)
1094 438 1211 518 nescio,
1234 445 1342 502 utrum

249 545 350 609 libero
380 543 475 607 modo
506 540 548 605 ad
579 535 656 624 ῥοῦς
686 539 795 625 (arbor
824 539 1003 624 quaedam,
1036 541 1126 604 cuius
1156 540 1279 605 fructus
1311 549 1343 604 et

249 656 359 713 cortex
390 645 432 708 ad
460 643 650 728 tingendum
672 641 922 727 adhibebantur)
946 642 1142 729 applicatum
1164 642 1343 729 putandum

252 752 302 830 sit,
324 771 367 813 au
390 772 430 813 ex
451 746 564 831 lingua
585 746 639 810 lat.
664 744 715 830 (cf.
739 769 851 810 rossus
873 747 948 831 cet.)
970 747 1012 809 sit
1033 746 1177 832 petitum.

331 850 453 916 σοῦσον
482 853 519 913 'in
553 849 687 913 diversis
721 834 840 931 linguis
875 847 1035 914 Semiticis
1067 849 1239 934 reperitur:
1272 849 1342 913 ¹He·

250 953 370 1028 braica,
395 953 537 1039 Syriaca,
560 950 704 1016 Arabica
727 950 780 1036 (cf.
803 951 888 1035 Aug.
911 950 1027 1015 Miller
1048 950 1068 1015 l.
1091 951 1111 1014 l.
1137 951 1223 1036 299).
1316 958 1320 972 ¹

337 1047 540 1141 ἡῳάσηλις,
570 1045 752 1138 φασήλων,
780 1049 947 1142 φάσηλος,
973 1054 1151 1140 postulor,
1174 1055 1344 1141 φασήολος

251 1161 366 1243 (genus
388 1157 507 1239 fabae).
544 1155 637 1237 Quae
659 1154 703 1219 ad
724 1155 930 1221 illustrandas
946 1155 1004 1220 has
1018 1177 1115 1221 voces
1130 1165 1254 1221 tentata
1269 1166 1344 1222 sunt

250 1259 358 1344 (Beni.
370 1258 386 1322 Ι
398 1258 484 1343 223),
499 1258 662 1345 improbo,
685 1258 813 1323 videtur
827 1261 934 1344 potius
949 1280 1066 1322 nomen
1080 1268 1211 1346 propter
1223 1260 1342 1326 formos

250 1360 443 1448 multiplices
471 1371 504 1426 ct
525 1370 656 1447 propter
679 1359 905 1427 obscuritatem
928 1363 1060 1445 originis
1083 1383 1125 1425 ex
1147 1362 1211 1426 alia
1231 1362 1343 1447 lingua

251 1473 450 1548 assumptum
473 1486 542 1528 esse
565 1463 618 1548 (cf.
647 1457 797 1541 Φάσηλις
819 1485 934 1529 nomen
957 1463 1045 1529 urbis
1061 1463 1206 1551 Lyciae).
1243 1465 1342 1551 Apud

252 1564 415 1630 Catullum
438 1567 484 1651 (4)
502 1566 624 1651 faselos
646 1575 694 1630 est
716 1586 818 1649 genus
840 1588 976 1653 parvum
999 1568 1129 1652 navigii.

291 1727 310 1765 ⁶
340 1770 388 1834 16.
433 1769 582 1855 Denique
608 1790 775 1832 numerum
798 1768 1027 1833 vocabulorum
1050 1772 1269 1867 componimus
1291 1791 1343 1835 eo-

251 1893 333 1951 rum,
357 1870 396 1934 de
419 1864 536 1957 quibus
559 1893 618 1936 nec
639 1892 723 1956 quae
745 1870 786 1936 ab
810 1872 881 1936 aliis
904 1871 999 1963 dicta·
1012 1880 1087 1935 sunt
1108 1870 1245 1958 probare
1267 1894 1342 1957 pos-

252 1995 376 2054 sumus,
407 1996 466 2038 nec
488 1975 551 2061 ipsi
572 1975 726 2038 habemus
748 1963 901 2054 rectiora,
934 1995 1016 2060 quae
1037 1973 1247 2060 proferamus.
1292 1976 1343 2038 Ac

250 2076 347 2142 valde
370 2076 529 2154 dolemus,
557 2075 643 2161 quod
665 2075 717 2139 hio
740 2076 837 2141 index
859 2085 926 2141 tam
946 2097 1083 2160 magnus
1106 2084 1173 2157 cst,
1196 2096 1341 2161 praeser-

251 2179 309 2244 tim
339 2202 411 2245 cum
442 2180 481 2242 de
510 2179 550 2242 iis
577 2199 722 2263 quoque,
752 2200 835 2265 quae
866 2199 965 2264 usque
995 2177 1101 2244 adhuc
1123 2181 1342 2264 tractavimus,

229 2305 316 2348 non
338 2304 444 2369 pauca
465 2283 578 2347 melius
600 2281 661 2345 hoc
682 2281 717 2345 in
731 2282 800 2347 loco
816 2280 1004 2346 collocanda
1019 2290 1119 2346 erant.
1157 2280 1342 2348 Omittimus
1455 2367 1457 2372 ³

252 2394 358 2450 autem
382 2407 434 2464 ea,
459 2407 551 2471 quae,
578 2386 653 2471 quia
674 2405 733 2470 per
755 2404 797 2450 σσ
819 2383 1011 2466 scribuntur,
1033 2406 1197 2471 nunquam
1220 2404 1240 2450 o
1261 2387 1344 2450 inter

252 2486 380 2550 vocales
404 2486 555 2553 habuisse
576 2497 710 2553 constat.

338 2582 484 2654 αὶσάλων
506 2590 632 2668 „falco“.

338 2684 496 2771 ἀσίρακος
511 2693 625 2775 (genus
640 2691 851 2778 locustarum)
863 2692 949 2780 apud
962 2691 1071 2759 Diosc.
1084 2691 1211 2776 legitur.
1242 2691 1343 2757 Ouius

251 2811 327 2876 pars
349 2791 438 2877 prior
459 2791 597 2856 fortasse
619 2794 749 2877 stirpem
772 2790 842 2857 dor·
866 2795 1003 2872 „limus“
1024 2794 1172 2858 continet.
1216 2792 1342 2858 Eodem

253 2893 383 2958 nomine
405 2894 525 2978 piscem
548 2892 708 2979 quendam
732 2894 966 2976 significabant.

338 2995 453 3071 αὔσιος
475 2994 610 3082 (Ibycus
631 2996 665 3058 in
688 2995 725 3060 E.
747 2994 813 3080 M),
835 2995 968 3067 ταύσιος
991 2995 1138 3080 (Alcman
1160 2997 1194 3059 in
1215 2995 1255 3063 Ε.
1272 2994 1345 3081 M),

249 3100 314 3164 ion.
335 3093 468 3175 τηΰσιος
490 3120 622 3180 „vanus
644 3099 778 3162 inanis“.
815 3097 869 3161 Ex
890 3098 939 3178 iis,
961 3118 1044 3184 quae
1062 3097 1187 3185 Benley
1204 3096 1249 3183 (II
1266 3099 1344 3185 230)

248 3199 379 3266 dehac
408 3222 486 3266 voce
515 3201 613 3282 dixit,
641 3200 675 3265 id
703 3222 762 3288 pro
791 3210 878 3265 recto
901 3199 1075 3279 habemus,
1104 3201 1188 3288 quod
1212 3201 1344 3288 stirpem

249 3303 447 3389 pronominis
463 3302 595 3369 subesse
610 3313 727 3372 censet.
762 3302 811 3370 Of.
828 3325 927 3389 supra
941 3327 971 3390 p.
990 3303 1039 3374 78.
1075 3304 1128 3370 Ab
1143 3304 1205 3371 Ed.
1220 3304 1344 3371 Geistio

219 3450 222 3455 -
238 3404 501 3492 .(disquisitiones
516 3406 708 3472 Homericae
722 3404 747 3471 I.
763 3405 880 3472 (lissae
896 3406 993 3491 1832)
1014 3407 1128 3482 odoror
1143 3430 1215 3474 cum
1232 3408 1345 3473 adver·

248 3505 302 3572 bio
325 3503 429 3584 αἴτως
452 3510 656 3596 conjunctum
679 3518 736 3590 ost,
758 3519 794 3573 ut
816 3529 836 3574 σ
859 3509 1077 3576 assibilatione
1099 3532 1152 3574 er
1168 3519 1279 3575 natum
1296 3512 1345 3578 sit.

335 3602 505 3703 βάνᾳυσος
536 3610 712 3675 reundum
740 3610 882 3676 Pottium
912 3613 966 3699 (ot.
997 3612 1132 3678 forsch.²
1154 3611 1188 3677 II
1221 3614 1296 3702 196)
1327 3636 1345 3680 e

251 3710 381 3775 nomine
401 3711 526 3793 βαῦνος
549 3714 719 3799 conjuncto
743 3734 816 3776 oum
838 3714 937 3780 verbo
960 3711 1028 3779 ado
1051 3724 1163 3779 natum
1184 3726 1250 3799 est,
1277 3738 1345 3802 qua

249 3813 374 3878 ratione
408 3813 598 3896 βαυναυσος
631 3825 663 3879 et
694 3836 752 3901 per
782 3815 1056 3882 dissimilationem
1086 3811 1257 3900 deirorum
1287 3842 1343 3885 ex·

240 3916 363 3980 sistere
392 3915 542 3981 debebat.
587 3914 682 3996 Quod
710 3939 776 3984 non
798 3918 989 4004 probamus,
1017 3921 1204 4005 praesertim
1228 3942 1344 3987 cumo

248 4028 413 4083 servatum
435 4040 500 4083 non
523 4017 722 4103 explanetur.

333 4121 480 4203 βόνασος
500 4124 618 4201 ,‚urus“
642 4120 811 4207 (Aristot.)
923 4161 934 4173 -·
974 4167 979 4173 ‚

336 4222 389 4287 Ad
422 4221 538 4310 δρόσος
563 4220 602 4286 L.
628 4222 741 4309 Meyer
763 4221 794 4308 (I
817 4224 879 4308 60)
898 4245 976 4290 sscr.
1004 4226 1153 4311 drap-cd·
1182 4228 1345 4310 „rorans“,
