3256 4822
753 266 966 331 ..18-

307 439 378 524 jam
408 446 484 502 ante
505 437 630 522 linguae
654 445 822 523 separatae
844 438 933 502 faeta
954 446 1022 521 eet,
1052 458 1161 523 graec.
1183 440 1252 504 ἴσσι
1275 447 1307 503 et
1329 440 1406 506 slav.

306 541 379 624 jari,
402 539 487 626 quod
509 540 572 605 nisi
594 564 610 604 r
632 562 651 604 e
671 563 706 604 aa
719 551 830 604 natum
846 548 941 621 esset,
962 542 1164 606 immutatum
1181 551 1267 606 esset
1280 542 1313 606 iu
1328 542 1411 625 *jen

314 641 375 730 (Iit.
397 647 442 708 ert
456 664 521 707 non
537 642 718 707 necessario
734 642 776 707 ad
792 643 928 708 formam
943 665 1016 708 oum
1030 668 1064 709 rr
1079 645 1232 730 scriptam
1246 644 1405 729 refertur).
1428 660 1430 665 ’

314 744 380 810 Sed
411 744 472 810 hae
505 745 628 809 formae
653 744 790 809 fortasse
818 747 991 834 separatim
1013 747 1046 809 in
1068 745 1187 830 linguis
1210 748 1408 833 separatise

316 851 416 935 stirpe
438 858 471 913 et
492 846 608 912 suffixo
631 848 828 934 compositae
850 858 942 932 sunt,
964 848 1235 935 quemadmodum
1257 852 1408 915 ἴνιεσσια

315 950 414 1037 stirpe
434 957 523 1016 ἐπεσ-
541 959 573 1014 et
588 950 718 1033 ruffi-ot,
740 953 900 1034 ααααῖι-σα,
921 951 1078 1034 ναασῖισα,
1101 950 1177 1016 slav.
1194 947 1296 1017 atate
1311 947 1406 1017 *did-

315 1056 350 1118 ri
369 1063 427 1121 oet.
452 1053 604 1119 Ceterum
626 1052 934 1141 Waokemagelium
955 1053 1010 1140 (K.
1034 1054 1070 1119 Z.
1088 1053 1206 1119 XXIII
1221 1056 1299 1142 460)
1320 1065 1407 1120 reete

315 1154 345 1222 εἴ
365 1177 407 1220 ex
428 1162 550 1222 ἴσ-ισαι
572 1155 720 1220 derivare
741 1180 806 1223 non
829 1159 936 1241 oredo,
957 1158 1109 1246 quoniam
1132 1158 1289 1223 eiusmodi
1304 1160 1408 1224 forma

317 1272 477 1345 nusquam
499 1281 564 1324 non
587 1266 752 1329 eontracta
773 1260 900 1347 legitur,
924 1283 965 1326 ne
987 1260 1073 1348 apud
1095 1260 1192 1329 Hom.
1214 1262 1350 1347 quidem

402 1361 724 1448 Plusquamperfeota
745 1364 780 1430 in
803 1388 878 1440 -εα,
907 1387 1004 1447 -ιας,
1027 1385 1110 1450 quae
1131 1362 1262 1429 Curtius
1284 1364 1350 1451 (vb.
1373 1364 1407 1428 ΙΙ

315 1465 379 1530 235
403 1466 489 1551 sqq.)
510 1469 677 1533 tractavit:
709 1477 745 1532 ut
765 1462 859 1558 ᾔδεα,
881 1459 1026 1551 dodran,
1048 1459 1248 1551 ἴσεθήνιιας,
1271 1477 1409 1555 atquae

315 1566 391 1632 inde
406 1577 573 1633 contracta
588 1583 670 1653 eunt,
685 1580 722 1636 ut
735 1563 806 1661 ᾔδη,
821 1570 936 1651 ἠείδης,
952 1591 973 1635 u
986 1571 1070 1636 inter
1085 1569 1213 1634 vooalee
1225 1572 1406 1636 emiserunt.

403 1877 554 1963 Sequitur
575 1887 612 1942 ut
627 1878 668 1943 de
683 1897 704 1942 σ
717 1878 833 1943 initiali
850 1900 994 1963 agamus,
1016 1879 1104 1965 quod
1118 1901 1176 1967 per
1190 1889 1407 1964 augmentum,

315 1981 472 2066 praefixa,
494 1982 622 2047 vocales
645 1981 841 2067 prothetieas
863 1983 1053 2069 positionem
1075 1985 1160 2047 inter
1180 1984 1261 2048 duae
1278 1984 1407 2048 vocales

315 2093 447 2149 nactum
478 2093 535 2148 eet
580 2084 655 2166 Qua
683 2087 718 2149 in
746 2107 782 2149 re
810 2095 956 2150 nostrum
978 2088 1039 2149 erit
1060 2094 1185 2151 tuntum
1207 2107 1264 2152 eae
1287 2088 1406 2152 formae

316 2189 446 2270 afferre,
477 2209 560 2275 quae
583 2189 673 2275 ipsae
695 2187 824 2275 aliquod
846 2188 1000 2255 indicium
1023 2189 1161 2254 amissae
1182 2188 1292 2254 literae
1315 2212 1404 2277 prae-

314 2290 422 2372 beant.

402 2395 454 2458 Ao
475 2395 613 2479 primum
637 2395 767 2480 quidem
788 2392 956 2482 probabile
977 2404 1027 2460 est
1048 2415 1069 2460 σ
1090 2396 1226 2481 ejectum
1248 2418 1330 2478 esse,
1352 2394 1408 2459 ubi

319 2497 429 2562 addito
444 2504 617 2582 augmento
634 2506 690 2561 aut
703 2496 958 2584 redupboatione
973 2508 1077 2563 ortum
1092 2508 1141 2563 eet
1155 2521 1183 2562 ει
1198 2521 1239 2564 ex
1254 2497 1407 2563 rinitiali:

403 2602 434 2681 1)
457 2595 560 2683 εἶπον,
586 2591 728 2684 εἱπόμην
748 2622 791 2665 ex
812 2606 938 2684 ἐσεπον,
960 2605 1124 2682 ἐσεαομην
1145 2601 1197 2686 (of.
1219 2595 1344 2680 ἤσθιον
1365 2600 1423 2691 ad

315 2722 469 2792 praesens
491 2701 622 2787 ἐσθίω).

401 2810 436 2896 2)
459 2803 588 2895 εἷρπον,
609 2805 774 2892 εἴρπνζον,
796 2811 934 2893 εἴρνινσα
957 2803 1069 2896 (domo
1093 2806 1179 2894 apud
1201 2805 1407 2891 posteriores)

316 2936 357 2978 ex
379 2918 515 2993 ἴσερασν
537 2918 597 2975 oet.

400 3015 435 3101 3)
456 3009 553 3101 εἶχαν,
575 3011 991 3101 εἴχόμην,“νιαρασχῆσθ·αι
1012 3012 1105 3098 (perf.
1128 3013 1211 3098 dor.)
1235 3033 1276 3076 ex
1298 3019 1409 3099 ἑσεχσν

316 3127 377 3184 eet.
400 3119 499 3183 Reote
527 3138 545 3180 e
567 3115 689 3181 Doride
712 3118 865 3182 sereriore
887 3115 1025 3180 traditur
1042 3107 1128 3202 [ἦχον
1148 3115 1242 3201 (Abr.
1264 3114 1406 3208 11202).

403 3221 439 3302 4)
462 3215 533 3286 αἶσα
555 3221 690 3307 „posni“
712 3242 749 3285 ex
771 3220 895 3302 ὲσεὸσα,
917 3215 1086 3305 εἱσάμενος
1109 3218 1201 3305 (Hdt.
1224 3218 1240 3282 I
1263 3220 1319 3305 66)

360 3327 381 3406 †
402 3326 438 3402 5)
460 3321 569 3388 ιῖωθα
591 3332 781 3403 „consuetus
805 3326 905 3402 aum“,
926 3319 1059 3388 εἰώθειν
1079 3344 1121 3388 ex
1143 3324 1320 3401 orofudu,
1340 3326 1402 3412 ἐσε-

202 3521 203 3525 Ὶ
316 3428 468 3493 σῖωθειν
489 3426 537 3509 (in
559 3424 621 3489 bac
643 3426 747 3490 forma
770 3425 918 3509 signatis
942 3426 1030 3491 elisio
1052 3425 1102 3492 bie
1125 3425 1213 3490 faeta
1235 3426 1306 3510 eet).

360 3532 381 3611 †
402 3529 437 3608 6)
459 3527 589 3604 εἴθιζον
611 3521 750 3612 (ἤθιζον
772 3550 900 3616 qnoque
922 3528 1101 3615 scribitur),
1128 3527 1261 3609 εἴθισα,
1283 3527 1406 3606 σῖθικα,

316 3634 481 3714 εἴθισμαι,
501 3630 668 3708 εἴθῖσθην
689 3653 730 3695 ex
752 3634 930 3711 ὲσῖεθιζον
950 3641 1009 3698 oet.

401 3733 436 3819 ἴ)
457 3724 615 3810 εἱστήκειν
636 3755 677 3797 ex
699 3739 889 3814 ἑσεστηκιιν.

403 3833 531 3899 Deinde
552 3856 574 3901 σ
594 3838 678 3901 inter
699 3837 826 3903 vocales
841 3840 991 3903 extritum
1008 3846 1064 3917 est,
1087 3836 1143 3903 ubi
1157 3846 1303 3924 tempora
1316 3858 1408 3923 prae-

316 3934 412 4004 terita
434 3960 506 4002 oum
528 3947 703 4024 augmento
725 3941 880 4028 syllabioo
903 3942 1098 4007 formantur:

358 4044 380 4128 †
402 4043 434 4121 8)
458 4037 616 4109 ἑάνὸονον
637 4038 813 4129 (ἴήνδανον
834 4044 928 4114 Hom,
942 4043 975 4108 Ω
998 4043 1071 4130 25),
1094 4043 1183 4126 tata,
1204 4031 1301 4109 ἴὶιὸσν
1323 4042 1408 4126 (αἴα-

317 4147 377 4211 δαν
399 4145 495 4215 Hom.
520 4139 552 4215 Ξ
571 4149 634 4212 340
657 4148 753 4234 alias)
776 4171 817 4214 ex
839 4150 1046 4214 ἴσῖασιδανσν
1066 4157 1124 4212 oet

378 4268 380 4271 ·
400 4251 434 4336 9)
456 4244 654 4315 ἴέσσατοσκ
676 4252 838 4317 ἴσεδσατα.
958 4286 960 4289 ·
