3256 4822
734 272 946 340 ...72-

295 443 351 510 bet
373 434 586 526 Ποσειδάων,
613 442 759 510 Arcades
782 439 991 526 Ποσιδᾶνος,
1014 441 1240 526 Ποσειδῶνος,
1264 436 1391 511 Honos·

296 546 413 630 δᾶνος,
442 546 545 612 Jones
567 547 731 634 Atticique
753 546 944 630 Ποσειδῶν,
965 544 1072 609 Dores
1094 557 1207 612 eontra
1229 544 1389 629 Hondniu

296 644 466 716 Horasdoiu
494 648 671 735 (Pindarus
704 651 792 715 solus
825 649 924 715 habet
956 650 1078 714 formas
1111 671 1168 735 per
1201 671 1222 716 σ
1255 659 1387 739 scriptas

294 762 423 839 praeter
438 774 493 818 eas
509 773 592 839 quae
607 753 752 819 Doribus
767 773 953 819 communes
968 753 1085 837 erant).
1120 750 1220 838 Apud
1236 754 1387 818 Alcaeum

295 856 351 941 (26
373 856 500 943 Bergk)
522 855 641 940 legitur
668 857 852 933 Ποσείὸανς
884 856 1047 938 nostras,
1071 856 1156 942 quod
1180 859 1308 944 saepius
1325 864 1389 918 tra·

183 1022 184 1029 ,
295 957 382 1023 ditur
404 981 424 1023 a
447 960 665 1042 grammaticis
689 961 742 1048 (cf.
758 960 838 1026 Ahr.
862 958 877 1023 I
903 959 964 1024 123
987 967 1052 1024 not.
1070 959 1114 1044 8),
1137 958 1275 1024 fortasse
1290 958 1386 1023 Boeo-

294 1071 400 1126 torum
422 1070 471 1128 est
492 1062 605 1129 forma.

379 1163 409 1228 E
433 1166 561 1239 nomine
583 1164 720 1229 actionis
742 1160 907 1248 εἰρεσιώνη
929 1166 1102 1230 formatum
1124 1186 1195 1230 esse
1215 1184 1387 1230 censemus.

295 1266 391 1349 Quod
414 1268 500 1331 enim
521 1268 555 1331 in
578 1266 690 1331 lexicis
711 1265 830 1352 legitur
852 1256 989 1356 primam
1010 1277 1136 1354 partem
1155 1267 1388 1334 rocaduii'esse

295 1371 440 1456 eiusdem
473 1370 583 1455 stirpis
612 1391 651 1434 ac
682 1363 722 1434 τὸ
752 1368 836 1455 εἶρος
867 1372 1006 1457 ‚,lana“‚⁴
1024 1373 1142 1458 quippe
1172 1394 1242 1437 cum
1271 1371 1389 1435 surculi

190 1539 193 1544 ,
294 1474 376 1537 lauri
406 1474 474 1536 sive
503 1472 592 1536 oleae
622 1472 698 1536 lana
727 1472 866 1538 redimiti
895 1485 928 1539 et
958 1475 1075 1540 deinde
1107 1473 1262 1541 nuestus
1284 1475 1389 1539 ornati

297 1576 378 1655 sint,
401 1575 485 1662 quod
510 1596 588 1639 casu
611 1596 684 1640 cum
706 1597 741 1639 rs
762 1578 971 1664 conjunctum
994 1587 1081 1660 erat,
1104 1600 1163 1665 pro
1182 1599 1218 1641 re
1239 1577 1311 1664 ipsa
1332 1576 1388 1642 ha·

295 1677 397 1744 bitum
431 1679 566 1744 videtur.
618 1678 733 1744 Habeo
763 1681 871 1766 potius
901 1684 1009 1766 atpsus·
1041 1683 1171 1767 stirpem
1201 1680 1339 1744 nominis
1369 1702 1389 1744 a

295 1780 396 1845 verbo
427 1780 500 1867 a's'pu
528 1805 644 1866 ,‚sero‚
679 1788 841 1848 annecto“
871 1783 1016 1866 deducti,
1050 1785 1102 1848 cui
1131 1782 1279 1846 suffixum
1308 1804 1390 1862 -ωνη

293 1884 347 1970 (cf.
369 1885 509 1964 νὶ-ωνός,
530 1881 663 1969 υὶ-ωνή;
692 1882 850 1972 κορ-ωνή)
871 1884 1016 1950 additum
1038 1886 1088 1951 sit.

381 1989 574 2076 φυσίκιλλος
603 1990 721 2073 (genus
749 1989 860 2075 panis3
892 1988 985 2057 Benf.
1015 1988 1049 2053 II
1080 1989 1152 2073 105)
1182 1987 1309 2052 diffisus
1338 1998 1388 2052 est

295 2090 338 2155 ad
359 2090 613 2176 explanandum,
642 2093 718 2179 quia
740 2094 913 2167 nescimus,
935 2115 1009 2157 num
1031 2112 1155 2170 revera,
1177 2090 1263 2176 quod
1286 2090 1386 2154 Athe·

295 2214 396 2259 naeus
418 2193 526 2276 uadit,
548 2195 654 2259 forma
674 2194 839 2260 Laconica
860 2193 1006 2281 putanda
1028 2196 1077 2259 sit.

381 2294 448 2360 Cur
469 2297 503 2360 in
525 2296 587 2361 hac
609 2297 800 2363 formatione
822 2299 951 2383 saepius
975 2297 1199 2375 oinvsniatur,
1222 2296 1277 2361 ubi
1292 2318 1385 2384 prop·

294 2410 343 2465 ter
373 2421 549 2464 consonam
579 2402 820 2467 antecedentem
850 2425 870 2466 τ
899 2412 936 2464 ut
964 2408 1126 2464 servatum
1156 2401 1198 2464 sit
1219 2409 1384 2486 exspecta·

293 2525 365 2567 mus
398 2503 451 2588 (ci.
485 2494 642 2586 κάταξις,
679 2499 834 2590 τάραξις,
865 2504 997 2583 adstote,
1028 2494 1164 2578 κόλασις
1196 2507 1287 2587 cet),
1321 2526 1385 2568 non

294 2607 347 2670 hic
376 2615 522 2671 nostrum
553 2615 602 2670 est
631 2607 788 2671 disserere
809 2628 914 2693 neque
937 2605 1024 2670 aliud
1045 2605 1219 2692 quidquam
1242 2607 1386 2692 proferre

292 2729 482 2797 possumus,
512 2729 609 2792 quam
635 2729 720 2795 quae
741 2709 919 2775 Osthoffius
940 2707 1086 2794 (verbum
1108 2731 1138 2796 p.
1163 2709 1237 2795 173)
1260 2710 1386 2775 dehac

292 2835 327 2878 re
349 2812 508 2899 exposuit.
551 2874 554 2879 .

275 2973 283 2984 ,
377 2915 487 2980 Etiam
518 2914 678 3000 quomodo
707 2913 788 2980 haec
816 2918 946 2981 nomina
969 2916 1103 2981 actionis
1125 2917 1158 2980 in
1180 2906 1385 3000 compositio·

291 3019 386 3083 nibus
420 3016 567 3083 adhibita
598 3019 680 3097 sint,
712 3017 841 3084 Osthoff
871 3020 891 3082 Ι.
925 3020 1054 3105 saepius
1084 3020 1104 3082 Ι.
1134 3019 1382 3093 demonstravit3

291 3122 470 3187 cuiusmodi
492 3119 642 3206 exempla
663 3120 762 3186 affero
783 3118 1003 3208 ἀγησί-χορος,
1025 3122 1270 3208 dosunt-oopus,
1290 3121 1384 3186 δωσί-
1439 3150 1444 3159 ’

291 3223 390 3305 donoc,
412 3219 641 3308 εὑρησί-λογος.

376 3324 439 3389 Oui
465 3346 598 3389 numero
624 3329 873 3413 compositorum
901 3328 1106 3392 inserendum
1133 3325 1262 3390 videtur
1286 3325 1381 3409 βασι-

289 3418 362 3503 λεύς
391 3448 532 3514 quoque,
560 3428 627 3492 sive
650 3427 755 3494 Curtii
785 3430 854 3495 sive
877 3430 999 3494 Kuhnii
1028 3430 1210 3517 explicatio*
1228 3426 1383 3515 probatur

290 3531 343 3618 (cf.
368 3531 460 3596 (iun⁴
476 3531 563 3616 364),
586 3553 661 3595 nam
683 3541 816 3617 uterque
838 3534 872 3596 in
894 3534 1001 3619 priore
1022 3545 1115 3619 parte
1134 3533 1266 3618 stirpem
1287 3530 1383 3614 βασι-

288 3636 447 3718 agnoscit,
470 3655 488 3697 e
510 3655 574 3719 qua
595 3655 712 3700 nomen
733 3628 833 3718 βάσις
854 3635 964 3700 fictum
985 3647 1044 3705 est.
1089 3634 1127 3699 In
1149 3635 1295 3699 dialectis
1318 3631 1382 3695 Do-

288 3738 363 3802 ricis
397 3738 548 3802 nimirum
579 3738 749 3823 flurs-icoc
782 3739 1034 3825 exspectandum
1069 3747 1135 3820 est,
1168 3757 1251 3821 quae
1279 3735 1383 3799 forma

287 3861 448 3924 nusquam
470 3842 639 3907 invenitur.
678 3840 761 3905 Cum
783 3852 890 3906 autem
913 3842 1013 3907 attero
1030 3844 1158 3906 nomine
1173 3860 1266 3923 reges
1283 3838 1380 3924 Spar·

287 3953 436 4007 tenorum
450 3943 553 4029 βαγοί
563 3944 719 4009 nominati
731 3945 795 4009 sint
805 3945 1005 4031 (Schemann
1017 3944 1136 4030 griech,
1148 3942 1253 4010 altert.
1265 3940 1281 4005 Ι
1293 3940 1381 4026 232),

286 4046 424 4111 fortasse
461 4046 523 4110 hoc
557 4045 659 4112 solum
693 4070 808 4113 nomen
842 4047 1173 4114 Lacedaemoniorum
1207 4047 1381 4131 genuinum

285 4147 467 4214 habendum
500 4160 550 4215 est
575 4153 739 4217 et-formu
766 4146 935 4235 βασιλεύς,
962 4151 1144 4238 ubicunque
1166 4149 1254 4235 apud
1276 4150 1381 4212 Dores

284 4252 456 4336 invenitur,
478 4275 519 4317 ex
544 4252 614 4317 aliis
636 4253 786 4338 gentibus
808 4253 907 4319 illata.
