3256 4822
735 268 946 332 ..10-

296 439 420 528 (δορὴ,
433 438 577 526 Herod),
600 432 726 514 σοιστός
741 438 828 524 (Ar.)
850 460 871 505 σ
892 436 1086 525 praebens).
1131 437 1219 502 Inter
1241 437 1387 503 derivata

295 544 367 608 voci
389 534 522 626 σεισμός
544 550 670 625 „terrae
692 547 831 607 tremor“
854 561 980 606 summa
998 540 1081 605 fides
1104 550 1152 605 est
1167 540 1291 630 (Soph.‚
1306 543 1386 630 Aa),

296 654 405 711 cetera
426 644 477 712 vd.
501 644 587 732 apud
605 645 685 711 Van.
708 662 738 732 p.
762 647 855 728 1050,
870 645 926 731 qui
940 645 1032 730 ponit
1046 649 1106 708 ets
1119 644 1260 709 radicem
1274 668 1387 712 seeun-

296 748 372 815 dum
388 748 491 813 Curtii
506 747 612 834 (ΘΓΖ.4
634 749 711 834 375)
734 749 952 834 conjecturam
975 770 994 811 e
1016 747 1083 813 rad.
1105 770 1144 812 su
1165 756 1386 834 propagatam.

275 875 277 880 ·
296 850 362 916 Sed
383 850 462 916 mihi
483 850 637 917 Froehdii
660 851 712 937 (K.
737 852 773 918 Ζ,
795 851 897 916 XXII
918 851 997 938 263)
1018 850 1214 937 etymologia
1235 852 1384 937 prohabi-

295 953 355 1019 lior
376 952 504 1017 videtur
511 1001 519 1035 ,
549 955 667 1042 quippe
690 976 754 1041 qua
776 964 808 1018 et
828 975 870 1019 σσ
891 955 925 1017 in
948 956 1159 1038 ἐσσοσοὶμην,
1181 956 1331 1019 tumosis
1355 965 1387 1018 et

295 1076 316 1123 σ
344 1058 377 1121 in
407 1060 576 1140 σέσοισμαι
605 1066 664 1123 oet.
694 1057 825 1144 pianum
857 1057 924 1125 fiat.
968 1057 1066 1122 Putat
1094 1059 1178 1122 enim
1206 1060 1279 1122 σείω
1300 1056 1385 1123 idem

295 1182 365 1225 esse
387 1182 426 1224 ao
449 1181 524 1224 saer.
548 1161 683 1237 έοοέσοιέ,
705 1161 795 1225 ouius
819 1162 980 1226 notionem
1003 1161 1165 1247 propriam
1189 1160 1289 1225 fuisse
1311 1182 1383 1226 oen·

294 1285 401 1328 semus
431 1263 587 1343 ‚‚moveri‚
610 1263 755 1347 agitari.“
800 1263 884 1328 Nam
910 1263 1174 1348 significationem
1199 1263 1387 1352 splendendi

294 1389 351 1433 seu
375 1366 508 1449 nitendi,
531 1388 630 1452 quam
650 1366 744 1431 radix
765 1368 824 1433 todi
838 1366 1069 1453 posterioribus
1084 1368 1283 1456 temporibus
1298 1368 1385 1455 apud

293 1460 392 1536 Indos
423 1468 570 1550 exhibet,
599 1469 626 1532 si
656 1489 729 1533 oum
760 1470 822 1535 hao
851 1459 1078 1559 comparamus
1102 1469 1257 1537 Vedioum
1285 1479 1382 1537 meio·

294 1572 475 1657 „violentus
482 1621 492 1656 ,
515 1571 717 1655 vehemens“,
747 1596 789 1638 ex
818 1573 874 1638 illa
900 1575 1032 1640 notione
1055 1573 1252 1639 vehementis
1278 1583 1384 1640 motus

293 1677 475 1743 derivemus
504 1697 636 1741 neeesse
658 1685 723 1758 est,
745 1699 819 1741 oum
839 1679 927 1744 notio
950 1677 1083 1747 violenti
1104 1700 1169 1747 non
1192 1699 1233 1742 ex
1255 1678 1384 1744 notione

294 1779 486 1868 splendendi
519 1778 602 1845 effici
624 1780 734 1866 possit.
780 1780 907 1846 Nullam
928 1780 1147 1846 difficultatem
1170 1781 1276 1862 babet,
1298 1781 1384 1867 quod

292 1884 414 1951 vocalis
439 1893 536 1948 auots
558 1884 655 1948 etiam
677 1883 711 1946 in
733 1883 931 1970 temporibus
952 1895 1080 1971 praeter
1094 1907 1199 1972 praes.
1216 1893 1248 1949 et
1262 1883 1385 1970 imperf.

293 1988 469 2067 invenitur,
491 1987 583 2051 ouius
605 1987 807 2052 formationis
831 1987 949 2052 similia
970 1976 1128 2075 permulta
1151 1997 1278 2074 praesto
1301 1997 1385 2068 sunt,

291 2113 317 2157 ο.
341 2113 371 2176 g.
399 2092 607 2174 admissorem
630 2113 650 2154 a
671 2090 739 2154 rad.
762 2090 861 2172 πλο,
882 2095 1016 2157 stravam
1031 2091 1134 2158 arad
1150 2096 1385 2179 νυ,πέφουγα,

291 2186 500 2280 ποφοίγαμον
523 2216 543 2257 ο
558 2194 627 2258 rad.
644 2216 727 2281 φυγ
743 2203 801 2261 eet
840 2193 935 2274 Quod
958 2194 1096 2280 denique
1109 2193 1258 2261 Froebde
1273 2202 1383 2259 σεο]ι

290 2320 331 2363 ex
344 2297 424 2380 orig.
451 2310 481 2361 tv
512 2306 623 2361 natum
652 2297 832 2376 existimat,
859 2297 1028 2382 analogiae
1050 2299 1070 2365 l.
1092 2298 1111 2364 l.
1135 2296 1270 2363 oollatae
1292 2304 1383 2360 sunt:

290 2406 334 2468 σέ
362 2423 421 2488 pro
448 2414 501 2465 tao
524 2400 603 2485 (dor.
632 2402 698 2486 τί),
721 2393 824 2476 σάκος
855 2407 1016 2483 ‚,soutum“
1039 2401 1288 2487 comparandum
1310 2420 1382 2465 oum

292 2526 380 2569 ssoro
409 2517 516 2569 tuscas
537 2526 567 2568 n.
589 2504 749 2585 ,‚oorium‚
771 2509 930 2589 tegmeu“,
953 2496 1060 2587 σύρβη
1082 2505 1154 2588 (seu
1175 2499 1295 2590 τύρβη)
1317 2512 1383 2584 „tu-

291 2607 431 2672 multum
453 2606 707 2693 componendum
730 2629 804 2672 oum
818 2606 873 2672 lat.
888 2609 980 2672 turbo
994 2608 1028 2692 (a
1043 2605 1112 2675 rad.
1128 2607 1218 2692 taor).
1254 2606 1383 2689 Quibus

291 2712 360 2797 ipse
375 2709 494 2777 addere
509 2731 651 2795 possum,
666 2711 751 2796 quod
768 2710 884 2777 suffixo
904 2732 992 2775 ssoro
1005 2724 1130 2777 mana·
1141 2710 1227 2796 aqud
1241 2707 1382 2774 Graecos

260 2894 261 2899 ἵ
291 2815 464 2901 respondet
488 2835 622 2879 -συνο-
647 2815 700 2899 (ef.
718 2814 810 2902 Bopp
826 2813 925 2898 vergi.
941 2836 1076 2898 gramm.
1090 2812 1140 2877 111
1157 2813 1232 2896 263)
1249 2822 1281 2875 et
1295 2810 1381 2898 quod

289 2919 323 2982 in
347 2922 566 3002 τέσσαρες,
588 2918 651 2983 ίοο.
676 2921 829 3001 τέσσερες,
850 2916 946 2983 Hom.
970 2918 1109 3003 πίσυρες,
1132 2915 1383 2999 amissionum

289 3041 337 3086 σσ
359 3022 405 3107 (σ)
428 3043 469 3085 ex
491 3035 520 3086 to
542 3018 724 3085 natum'est
746 3019 799 3104 (of.
821 3019 931 3106 infra).
1011 3026 1013 3030 '

376 3123 431 3209 35)
454 3118 573 3188 ἀκούω.
618 3123 704 3187 Huio
727 3122 826 3187 verbo
856 3145 917 3209 par
939 3146 1010 3189 esse
1029 3123 1189 3209 judicavit
1214 3118 1381 3186 Delbrtiok

290 3224 346 3311 (K.
375 3225 411 3292 Z.
441 3225 522 3291 XVI
545 3218 623 3312 271)
645 3238 710 3310 got.
733 3227 879 3312 bannajas.
924 3225 1003 3290 Allii
1025 3224 1156 3311 (Kuhm
1178 3224 1275 3302 Ebel‚
1298 3223 1382 3303 Pott,

290 3328 434 3414 Curtius)
460 3328 594 3394 verbum
630 3352 702 3393 oum
733 3328 800 3393 rad.
830 3330 909 3394 ekae
939 3330 1191 3415 conjunxerunt,
1221 3349 1304 3413 quae
1333 3334 1383 3390 est

289 3436 322 3498 in
345 3442 409 3518 got.
431 3433 631 3518 motae-jao
654 3444 802 3514 „nautum
824 3438 913 3497 esse“
937 3441 967 3496 et
981 3435 1015 3496 in
1030 3454 1078 3517 gr.
1095 3425 1309 3504 dvo-sadoc
1323 3451 1381 3517 pro

291 3540 448 3610 oro-foc,
497 3534 542 3599 Hi
570 3536 633 3600 viri
661 3536 746 3601 docti
774 3535 816 3599 ad
846 3558 939 3601 suam
974 3537 1165 3600 sententiam
1188 3557 1226 3599 eo
1250 3533 1383 3597 addueti

289 3663 360 3705 esse
390 3640 557 3721 videntur,
589 3639 675 3726 quod
705 3636 770 3722 κοᾷ
801 3631 927 3724 (ἀκούει
958 3638 1170 3724 Hesychius),
1206 3628 1384 3715 θυοσκόος,

290 3747 421 3819 aornim,
443 3746 531 3824 κοέω,
554 3736 674 3823 risoris),
695 3743 805 3807 omnia
827 3764 910 3829 quae
926 3741 1008 3806 Van.
1026 3766 1055 3829 p.
1081 3742 1164 3806 1110
1179 3763 1225 3827 sq.
1242 3739 1383 3817 eontulit,

290 3847 332 3912 ad
348 3869 444 3911 unam
460 3846 597 3911 formam
612 3846 798 3932 primariam
815 3844 983 3910 referenda
1001 3867 1073 3909 esse
1088 3844 1271 3911 censebant.
1300 3842 1381 3907 Cum

374 4016 404 4083 *j
422 4015 493 4070 Peri.
512 4018 565 4073 aot.
584 4017 673 4071 forma
692 4020 808 4087 seorsus,
826 4032 898 4085 quas
915 4015 1047 4071 obsistere
1064 4013 1182 4081 videtur,
1203 4014 1270 4068 nihil
1286 4014 1381 4067 tamen

288 4102 511 4170 adremarus,
530 4120 594 4156 oum
611 4103 677 4172 perf.
696 4108 765 4172 sot,
784 4102 893 4159 etiamsi
910 4100 1048 4173 praesenti
1067 4123 1081 4155 o
1100 4101 1248 4156 inhaesisse
1266 4100 1382 4165 constet,

287 4174 394 4260 semper
411 4191 578 4260 asigmotum
595 4189 731 4246 formetur
743 4191 789 4260 (oi.
802 4187 940 4257 τετέλεκα,
954 4191 1065 4242 tanaus
1079 4190 1151 4259 oet).
1180 4188 1242 4253 Qua
1253 4188 1286 4241 de
1299 4201 1383 4240 cansa

285 4279 315 4333 in
332 4278 374 4333 his
389 4262 599 4348 honestioribus
617 4277 772 4347 perfeetum
788 4293 897 4350 semper
914 4275 1029 4333 missum
1048 4274 1190 4332 faciemus.
