3256 4822
746 218 1102 345 ‘'64‘

309 425 455 492 valentes
486 449 526 491 ex
548 426 718 511 analogiae
739 427 864 493 ratione
888 426 921 491 in
943 426 1025 493 alias
1045 425 1218 492 transimus
1239 447 1311 491 esse
1332 447 1401 491 cre·

175 607 181 619 .
309 529 432 610 dimus3
463 551 502 594 ac
522 528 753 617 posterioribus
775 528 974 616 temporibus
996 528 1119 594 formae
1140 551 1199 617 per
1219 550 1241 595 o
1262 530 1400 616 scriptae

310 635 440 721 saepius
451 642 656 720 usurpantur,
672 654 770 720 quam
780 631 943 719 prioribus
955 626 1143 717 (ἀκροᾶσαι,
1157 633 1400 721 eroposeiam).

307 736 481 803 Praeterea
512 757 566 803 -σο
593 759 660 802 non
683 758 723 802 ex
744 735 858 821 regula
878 736 1049 823 phonetica
1070 744 1296 801 conservatum
1318 756 1398 817 esse,

308 862 350 905 ex
371 860 410 906 eo
433 860 560 927 qnoque
582 839 810 906 concludamus
833 859 965 905 neccsse
987 847 1050 918 est,
1075 838 1162 924 quod
1183 837 1398 903 forinsecum

308 963 362 1009 -oo
391 950 424 1008 et
452 963 525 1008 -σαι
553 943 732 1032 ponendas,
761 943 829 1007 sive
851 961 872 1008 σ
893 948 1105 1008 servaverunt
1124 942 1193 1007 sive
1215 942 1399 1024 amiserunt,

307 1047 394 1111 mira
417 1045 479 1113 sibi
500 1049 624 1113 ratione
645 1044 857 1134 respondent3
880 1045 1008 1112 videtur
1029 1045 1114 1110 enim
1129 1045 1272 1129 utrisque
1287 1044 1399 1110 formis

200 1207 203 1214 .
307 1171 407 1214 causa
428 1149 681 1216 conservationis
703 1148 804 1215 luisse
825 1149 956 1229 eadem3
986 1168 1057 1215 -σαι
1079 1156 1188 1214 autem
1206 1170 1272 1214 non
1287 1170 1305 1213 e
1319 1148 1396 1232 legi·

309 1252 369 1317 bus
398 1250 579 1339 phoneticis
605 1253 639 1317 in
670 1243 813 1319 δύνασαι
840 1260 901 1322 cet.
924 1259 1032 1339 potest
1054 1260 1218 1318 servatum
1241 1273 1313 1318 esse
1342 1252 1396 1339 (cf.

308 1378 384 1422 ssor.
414 1356 545 1422 thuraea
573 1354 657 1442 cet).
700 1353 893 1440 Regularem
923 1377 1001 1442 ergo
1030 1355 1083 1421 laic
1111 1355 1212 1421 fuisse
1233 1354 1398 1421 elisionem

308 1457 480 1524 verisimile
502 1467 567 1540 est,
594 1479 658 1545 quo
680 1479 832 1525 numerus
855 1459 1073 1547 exemplorum
1095 1458 1195 1525 multo
1217 1459 1321 1545 major
1343 1480 1396 1524 ex·

307 1561 472 1649 planetum
510 1582 593 1648 quac
626 1560 773 1645 obstant,
807 1583 880 1628 eum
912 1561 1070 1629 Osthoffio
1099 1561 1249 1648 (verbum
1278 1564 1312 1627 in
1342 1561 1398 1626 der

307 1665 588 1752 nominalcompos.
611 1687 642 1752 p.
663 1664 726 1731 343
749 1666 831 1752 sqq.)
854 1665 1050 1739 assimulata¹
1064 1687 1136 1733 esse
1150 1686 1318 1732 censemus
1333 1664 1395 1731 lor-

308 1770 369 1834 mis
392 1768 539 1856 stirpium
560 1770 594 1834 in
616 1789 775 1834 consonas
798 1769 1022 1835 excidentium.
1059 1767 1105 1835 At
1127 1768 1214 1835 dicat
1228 1768 1399 1856 quispiam,

308 1895 423 1939 sonum
445 1871 598 1958 digammi
613 1872 748 1957 varium,
770 1879 839 1937 tum
854 1873 1009 1939 acriorem
1023 1881 1091 1938 tum
1105 1872 1268 1955 leniorem,
1289 1872 1396 1938 fuisse.

308 1977 374 2042 Sed
395 1998 468 2041 cum
491 1976 643 2041 suffixum
665 1976 699 2042 in
721 1977 870 2043 omnibus
891 1977 1004 2043 formis
1024 1976 1111 2041 idem
1126 1976 1177 2058 sit,
1196 1975 1304 2040 nescio
1319 1996 1395 2062 quo·

306 2079 402 2146 modo
423 2080 505 2145 haec
526 2081 667 2146 varietas
688 2080 791 2167 possit
813 2079 1042 2157 demonstrari3
1072 2101 1148 2144 nam
1163 2099 1270 2165 neque
1285 2101 1396 2145 accen·

306 2192 374 2266 tus,
402 2204 507 2269 neque
537 2181 717 2248 differentia
746 2182 906 2248 vocalium
932 2182 974 2248 ad
1003 2204 1076 2248 eam
1099 2183 1306 2249 statuendam
1328 2183 1393 2248 suf·

305 2287 373 2351 ficit
400 2285 453 2371 (cf.
482 2310 512 2374 p.
534 2286 599 2372 39).
642 2285 793 2352 (letarum
816 2284 994 2350 Osthoffins
1022 2285 1158 2352 formam
1187 2286 1296 2352 suffixi
1322 2307 1395 2366 non,

306 2390 392 2476 quod
414 2390 602 2476 plerumque
622 2388 667 2471 fit,
689 2413 768 2470 aaa,
789 2387 846 2453 sed
865 2413 917 2452 -ra
932 2391 1093 2475 supponit.
1129 2388 1175 2455 Et
1187 2412 1302 2456 revera
1315 2389 1395 2455 illud

306 2515 376 2558 -aca
405 2514 469 2557 non
499 2493 579 2558 satis
600 2493 843 2582 comprobatum
864 2513 936 2558 esse
962 2492 1166 2559 censentibus
1187 2493 1280 2559 testis
1301 2491 1395 2559 nobis

307 2617 404 2682 quam
426 2596 630 2681 gratissimus
654 2604 704 2662 est
725 2594 923 2680 Schlcicher,
945 2597 999 2684 qui
1021 2597 1055 2659 in
1077 2597 1258 2685 compendii
1279 2620 1309 2685 p.
1332 2597 1395 2661 688
1476 2678 1480 2686 Ι

306 2702 427 2765 formas
437 2698 721 2785 Indogermanicas
733 2699 958 2765 secundariam
970 2723 1029 2781 aa,
1040 2699 1264 2786 imperativam
1275 2724 1345 2766 -aua
1355 2699 1394 2786 (l)

307 2804 449 2889 sumpsit.
488 2802 570 2868 (lum
592 2804 676 2869 enim
699 2803 804 2870 forma
824 2803 1002 2891 imperfecti
1024 2824 1096 2867 cum
1119 2801 1208 2868 nulla
1226 2803 1290 2869 alia
1304 2825 1396 2890 prae-

307 2914 357 2970 ter
378 2905 513 2970 formam
537 2907 704 2973 condicam
726 2907 828 2996 possit
846 2907 1028 2992 comparari
1042 2907 1179 2993 (formae
1193 2928 1269 2971 sscr.
1285 2914 1318 2971 et
1331 2915 1396 2990 got.

307 3010 456 3073 nimirum
479 3032 611 3097 prorsus
633 3009 780 3075 diversae
803 3011 906 3096 sunt),
932 3010 1004 3097 quis
1026 3010 1208 3094 contendat,
1229 3010 1263 3074 in
1284 3009 1396 3094 lingua

308 3110 435 3177 Graeca
469 3112 621 3179 suffixum
654 3119 733 3180 uso
764 3111 948 3200 ponendum
979 3114 1074 3179 esse?
1116 3114 1151 3179 si
1181 3121 1287 3179 autem
1315 3112 1396 3177 haec

310 3215 416 3280 forma
436 3215 599 3300 quondam
621 3237 675 3282 -oo
697 3214 758 3281 fuit
780 3255 822 3266 -
845 3224 878 3282 et
899 3237 971 3283 eam
993 3237 1064 3281 esse
1084 3236 1150 3282 non
1167 3217 1320 3303 potuisse,
1341 3216 1396 3282 vix

308 3316 580 3385 demonstrabitur
602 3357 640 3368 -
665 3327 772 3407 potest
792 3319 910 3407 putari,
932 3318 1067 3385 formam
1091 3318 1269 3405 imperfecti
1284 3320 1319 3385 in
1333 3317 1396 3383 for·

307 3442 394 3485 mam
416 3422 598 3507 imperativi
620 3443 692 3489 esse
713 3420 912 3491 translatam.

394 3523 460 3590 Sed
481 3532 621 3609 restant,
646 3545 730 3612 quae
751 3546 773 3590 u
794 3548 812 3591 e
834 3532 879 3591 ef
900 3532 1013 3590 natum
1034 3546 1098 3589 non
1121 3526 1335 3605 servaverint,
1356 3545 1397 3589 ea

308 3649 391 3716 quae
421 3649 520 3715 supra
548 3629 591 3716 (p.
614 3627 670 3714 44)
693 3629 969 3711 enumeravimus,
999 3627 1050 3692 vel
1070 3628 1195 3715 potius,
1225 3639 1394 3714 postquam

307 3754 345 3797 ea
368 3731 576 3813 detraximus,
599 3752 682 3817 quae
704 3731 801 3797 aliam
823 3731 1069 3819 explicationem
1084 3729 1266 3813 admittunt,
1289 3731 1395 3815 adjec-

306 3836 374 3899 tiva
393 3842 432 3898 ut
453 3829 591 3915 αὶπήεις,
613 3835 779 3920 terentiae
800 3843 833 3900 et
846 3842 927 3922 part.
943 3833 1022 3922 perf.
1038 3828 1205 3912 κεκοτηῶς,
1227 3828 1394 3919 κεκορηώς.

308 3936 414 4018 Quam
436 3936 657 4003 difficultatem
678 3938 873 4025 profitemur,
895 3958 953 4002 nos
976 3959 1041 4003 non
1055 3957 1151 4023 posse
1167 3936 1307 4014 solvere,
1329 3935 1394 4001 for·

307 4049 394 4106 tasse
416 4049 524 4106 autem
546 4046 570 4106 f
591 4041 625 4104 in
648 4038 784 4107 diversis
807 4041 932 4106 suffixis
954 4039 1084 4105 diverso
1106 4037 1201 4105 modo
1224 4046 1395 4103 tractatum

306 4154 364 4225 est,
387 4143 565 4209 cuiusmodi
588 4142 800 4209 differentiam
821 4144 855 4208 in
878 4144 942 4209 alia
956 4143 1114 4228 particula
1128 4141 1222 4208 huius
1238 4162 1395 4206 commcn-

306 4249 440 4313 tationis
462 4248 507 4334 (p.
530 4247 571 4312 73
594 4248 677 4332 sqq.)
699 4269 758 4312 nos
778 4246 1017 4312 demonstrasse
1039 4266 1212 4332 speramus.
