3256 4822
734 240 926 304 ..8-

369 414 426 500 25)
448 413 637 493 Πασι-θίῃ.
680 409 747 479 Alii
775 417 943 498 praeterea
972 403 1059 485 θεός
1086 431 1126 475 ex
1149 409 1211 477 hac
1232 411 1304 498 ipsa
1324 433 1375 476 re·

284 518 356 584 dice
388 527 500 583 natum
527 514 731 594 'existimant
764 534 830 601 qua
858 512 899 578 de
927 534 963 577 re
990 512 1120 599 copiose
1149 513 1216 598 egit
1246 513 1377 580 Curtius

285 620 379 688 Gra.⁴
400 620 465 687 503
495 640 565 705 sqq.
607 617 771 684 Probatur
790 615 853 681 hoc
874 637 912 681 eo
934 615 1151 701 potissimum,
1172 616 1259 703 qnod
1280 638 1375 682 vcca-

283 722 362 789 bula
383 723 551 802 θέσκελος,
574 722 762 803 θεσπέσιος,
784 721 961 808 θέσφατος
992 739 1066 783 cum
1087 720 1215 785 nemine
1237 719 1377 809 quodam

284 823 419 891 redicali
446 824 718 910 ese-composita
746 821 915 904 videntur,
942 821 1028 908 quod
1057 822 1092 888 in
1121 823 1255 888 vocibus
1284 817 1377 902 θεός,

282 920 369 1009 θεοὶ,
398 929 494 1003 θεῖος
517 926 653 993 diversis
676 925 801 992 suffixis
824 932 955 989 auctum
979 947 1049 993 esse
1071 947 1253 1008 censemus3
1283 947 1374 1013 prae·

283 1040 372 1097 terea
400 1032 552 1107 θοίκελος
579 1026 758 1118 (aristoph.
779 1025 917 1114 Lysistr.
941 1028 1039 1115 1252)
1067 1029 1205 1099 fortasse
1233 1052 1276 1095 ex
1295 1031 1375 1095 θεσ-

282 1135 388 1211 caelen
410 1143 515 1199 crtum
538 1144 597 1200 est.
641 1133 739 1199 Notio
761 1139 871 1199 autem
892 1131 1012 1199 radicis
1035 1134 1117 1198 θεσ
1138 1134 1181 1198 ad
1203 1134 1298 1200 deum
1314 1135 1377 1220 sig·
1473 1132 1475 1135 ’

283 1237 481 1305 nificandum
503 1235 592 1303 haud
613 1236 720 1302 minus
743 1242 821 1319 apta
843 1244 893 1300 est
914 1256 1012 1322 quam
1033 1233 1153 1301 radicis
1169 1236 1322 1324 (secrcae)
1338 1240 1377 1321 οἳ,

284 1362 382 1428 quam
405 1340 547 1407 Ocrssen
568 1337 625 1426 (K.
647 1337 687 1408 Z.
706 1337 758 1403 IX
775 1337 850 1423 138)
872 1338 1032 1405 vocabulo
1054 1339 1267 1407 Etruscorum
1288 1342 1377 1407 usbar

281 1443 404 1527 ,‚deus“
425 1443 558 1510 subesse
581 1440 756 1509 contendit

368 1545 424 1631 26)
451 1547 553 1612 λαῖον·
576 1545 741 1631 δρέπανον
762 1543 864 1631 (apud
885 1542 992 1630 Apoll.
1014 1542 1131 1632 Rhod.)
1153 1545 1290 1611 formam
1313 1544 1375 1631 pri·

290 1649 426 1713 mariam
447 1649 567 1714 λαισον
588 1645 751 1730 habuisse,
773 1645 910 1713 Fickius
932 1644 996 1731 (11³
1017 1648 1094 1735 221)
1117 1648 1282 1715 conclusit.

369 1751 427 1836 27)
450 1752 542 1831 λίαν,
569 1751 632 1817 ion.
654 1751 730 1830 λίην
752 1746 928 1815 secundum
949 1749 1099 1816 Fickium
1122 1750 1157 1839 (L
1179 1751 1215 1837 Ι.)
1237 1752 1282 1815 ita
1305 1772 1377 1817 cum

284 1854 362 1920 slav.
394 1853 479 1920 lictu
509 1855 556 1940 (et
584 1853 738 1934 ‚‚nimius“
768 1861 800 1917 et
829 1853 1025 1938 ,‚privatus“)
1055 1854 1236 1941 comparari
1264 1861 1379 1940 potest,

284 1966 321 2022 ut
350 1957 393 2022 sit
421 1958 625 2023 accusativus
654 1956 726 2021 lem.
755 1976 830 2039 gen.
861 1954 1014 2043 adjectivi
1043 1958 1086 2023 ad
1112 1981 1206 2024 usum
1233 1956 1379 2023 adverbii

283 2059 478 2142 translatus,
512 2071 545 2124 et
577 2061 655 2134 aaa
687 2059 792 2124 forma
824 2058 968 2124 eiusdem
1001 2061 1140 2127 notionis
1172 2060 1378 2127 Archilochia

283 2163 423 2228 fortasse
443 2183 502 2248 per
522 2160 732 2244 metathesin,
754 2182 838 2246 quae
860 2162 986 2246 dicitur,
1007 2165 1198 2251 quantitatis
1220 2174 1298 2229 nata
1319 2173 1375 2228 est.

368 2264 484 2330 Nescio
508 2287 552 2330 an
573 2264 626 2330 hic

369 2369 426 2452 28)
447 2360 511 2454 dun
521 2389 658 2461 quoque,
666 2388 779 2451 „uxcr,
793 2368 900 2434 socia“
912 2366 1141 2435 nominandum
1154 2369 1203 2437 sit
1233 2370 1376 2435 Primum

284 2472 414 2560 quidem
436 2480 513 2558 puto
529 2471 657 2556 Buggic
680 2469 780 2554 (stud.
795 2469 844 2535 IV
866 2471 943 2557 337)
967 2473 1206 2539 assentiendum
1226 2495 1306 2557 esse,
1320 2474 1376 2561 qui

283 2575 346 2639 hoc
368 2573 561 2639 vccabulum
582 2595 656 2638 cum
672 2571 827 2638 derivatis
843 2565 953 2660 ὄαρος,
969 2569 1098 2661 ὀαρίζω,
1113 2569 1278 2662 ὀαριστύς,
1293 2599 1376 2663 quae

283 2678 392 2745 omnia
414 2676 458 2742 ad
480 2677 733 2743 familiaritatem
748 2686 903 2762 spectant,
918 2678 1137 2766 conjunxerit3
1152 2679 1268 2745 deinde
1279 2703 1373 2768 prop·

282 2790 331 2846 ter
352 2801 506 2863 magnum
528 2801 696 2847 numerum
718 2779 870 2861 locorum,
893 2782 948 2867 qui
969 2780 1213 2868 productionem
1229 2781 1376 2870 syllabae

283 2890 450 2970 correptae
472 2885 524 2947 vel
553 2882 677 2948 hiatum
705 2892 781 2949 ante
803 2882 864 2949 has
884 2905 982 2951 voces
1004 2884 1177 2973 praebent,
1199 2908 1372 2951 consonam

283 2985 425 3071 aliquam
448 2984 561 3049 elisam
585 3007 656 3050 esse
671 2987 845 3052 verisimile
861 3000 917 3054 est.
955 2988 1028 3054 Non
1043 2988 1130 3053 mala
1145 2989 1242 3076 abitur
1255 2990 1375 3057 eidam

283 3089 323 3155 L.
346 3088 476 3175 Meyeri
506 3088 710 3175 conjectura,
742 3089 798 3176 qui
819 3085 883 3176 ὄαρ
904 3113 977 3155 cum
999 3090 1055 3160 lat.
1076 3116 1166 3157 soror
1187 3094 1375 3179 composuit.

284 3190 381 3273 Quod
392 3200 506 3256 contm
517 3189 578 3256 hoc
590 3192 698 3256 afferri
709 3201 825 3278 potest,
831 3193 902 3279 jam
911 3191 1044 3261 Curtius
1055 3196 1163 3261 attulit
1173 3197 1278 3281 (ΟΨ
1286 3196 1373 3282 356).

283 3293 429 3376 Accedit,
452 3293 539 3379 quod
560 3295 651 3360 vocis
673 3293 788 3379 idgcae
807 3319 920 3360 senaar
941 3297 1029 3384 prior
1052 3299 1178 3385 syllaba
1199 3301 1233 3364 in
1254 3298 1373 3385 linguis

283 3396 465 3484 Europaeis
487 3418 545 3483 per
566 3421 583 3463 ο
604 3396 756 3462 scribitur
778 3408 913 3484 excepto
927 3401 1086 3468 vocabulo
1100 3403 1154 3469 lat
1169 3426 1267 3485 soror,
1281 3403 1373 3467 cuius

282 3525 301 3566 ο
330 3523 371 3565 ex
401 3524 441 3566 οο
468 3522 526 3588 per
548 3499 800 3565 contractionem
822 3511 933 3569 natum
956 3526 1027 3570 esse
1048 3514 1190 3592 putatur.
1233 3527 1254 3571 σ
1275 3507 1373 3591 igitur

283 3603 336 3693 hic
359 3604 509 3668 extritum
533 3624 598 3668 non
621 3604 700 3668 satis
723 3605 966 3692 comprobatum
989 3617 1046 3677 est.
1090 3608 1128 3673 In
1151 3633 1231 3677 voce

368 3706 423 3790 29)
445 3697 528 3791 χάος
557 3704 668 3789 „rudis
699 3706 922 3795 indigestaque
944 3711 1065 3778 moles“
1087 3713 1174 3800 (οο.)
1198 3716 1371 3801 spirantem

284 3807 394 3872 elisam
417 3830 488 3873 esse
511 3808 706 3890 conceditur,
721 3820 754 3875 st
769 3811 915 3878 Vanitelr
931 3813 1059 3900 quidem
1075 3836 1149 3880 cum
1164 3816 1234 3881 eliis
1251 3817 1372 3882 formae

282 3909 496 3996 primariaef
517 3914 663 3977 inseruit.
706 3912 784 3996 Nos,
806 3915 882 4000 quia
904 3916 967 3981 hcc
987 3939 1140 3984 concesso
1162 3920 1196 3985 in
1217 3919 1290 3984 aliis
1306 3918 1372 3985 dia·

283 4013 363 4077 sctis
380 4012 463 4079 aliae
477 4013 600 4081 formae
620 4024 653 4079 et
664 4015 751 4104 apud
762 4016 938 4087 Homerum
951 4018 1080 4105 quidem
1091 4044 1171 4107 χηος
1183 4031 1371 4108 exspectan-

284 4114 362 4180 dum
374 4117 521 4202 esset(cf.
531 4117 696 4203 Brugman
710 4118 792 4185 stud.
803 4119 850 4184 lv
862 4120 946 4205 142),
957 4141 978 4185 σ
989 4123 1123 4188 missum
1134 4147 1205 4190 esse
1214 4127 1372 4211 ponimus.

283 4217 377 4301 Quae
407 4221 567 4285 sententia
593 4244 630 4287 ec
652 4224 791 4310 primum
812 4223 943 4291 fulcitur
963 4227 1050 4314 quod
1068 4223 1200 4314 χοὶσ-μα
1221 4249 1373 4313 ,‚vcrag0,
