3256 4822
685 264 898 329 ..77-

247 436 347 500 ταλα-
379 435 519 501 formata
545 443 637 517 sunt,
666 457 761 522 quam
792 436 927 521 praebet
948 437 1139 505 vocabulum
1162 433 1337 522 τοῖλᾶ-ροςς

247 562 323 604 nam
345 538 407 603 hoc
430 537 470 602 de
492 538 643 603 corbibus
665 539 705 603 iis
727 540 760 604 in
775 541 881 626 specie
896 539 1073 622 dicebatur,
1088 538 1206 627 quibus
1221 540 1338 604 lanarii

245 642 427 707 utebantur.

333 738 518 830 ἀπειρέσιος
533 752 566 809 et
580 740 764 829 οἶπερελσιος
777 744 862 809 idem
878 747 1061 830 significant
1075 757 1172 834 atque
1184 740 1341 829 ιἰπελριος.

249 848 394 931 Quorum
416 847 645 912 vocabulorum
676 846 906 933 explicationes
936 849 978 914 ab
1009 850 1081 915 aliis
1103 857 1243 916 tentatas
1265 869 1338 911 oon·

248 951 322 1016 tulit
336 950 402 1036 Aly
423 950 456 1034 (l.
478 950 497 1018 Ι.
520 974 551 1037 p.
574 951 617 1035 9).
662 945 846 1037 ιἰπειρέσιος
869 952 997 1038 quidem
1013 975 1055 1017 ex
1069 953 1203 1036 ἄπειρος
1218 949 1340 1029 „infini-

249 1061 320 1118 tus“
350 1052 464 1118 eodem
492 1053 588 1118 modo
617 1053 789 1118 formatum
820 1077 890 1119 esse
918 1066 1041 1142 potest,
1066 1079 1130 1144 quo
1153 1044 1340 1138 σιτηρέσιον

249 1180 290 1223 ex
313 1148 448 1243 σιτηρός
469 1157 525 1242 (cf.
547 1150 726 1241 βροτήσιος
749 1167 781 1222 et
801 1152 945 1244 βροτός),
968 1160 1025 1225 sed
1040 1157 1199 1246 quomodo
1215 1155 1340 1242 ἁπερεί-

250 1281 321 1336 σιος
351 1280 392 1324 ex
420 1258 540 1344 regulis
571 1258 751 1345 phoneticis
780 1261 934 1348 explicari
962 1263 1065 1349 possit
1085 1284 1151 1327 non
1173 1259 1341 1343 intelleg03

252 1365 325 1449 quis
347 1365 433 1427 enim
447 1361 554 1427 Fickii
576 1362 641 1447 (11³
663 1364 738 1448 144)
757 1364 893 1429 formam
909 1366 1095 1451 primariam
1111 1365 1345 1450 &stuppea-roc

250 1487 310 1552 pro
333 1476 421 1531 recta
443 1465 613 1533 habuerit?
635 1489 695 1532 nec
717 1465 756 1532 G.
779 1467 904 1554 Meyeri
918 1468 974 1552 (Κ.
990 1468 1027 1534 Ζ.
1043 1467 1145 1534 XXII
1167 1467 1245 1552 493)
1266 1461 1343 1530 ιἰπε-

248 1590 387 1657 ρεντιος
409 1568 517 1636 laudo.

332 1663 530 1761 φιλοτήσιος
544 1671 625 1758 (Aly
648 1695 678 1759 p.
694 1671 728 1757 9)
745 1681 777 1735 et
791 1666 961 1751 νεοτήσιος
977 1676 1055 1761 (Aly
1070 1697 1100 1762 p.
1117 1676 1160 1761 8),
1174 1682 1343 1762 praeterea

248 1768 384 1861 γνήσιος
407 1776 593 1860 (ἐκκλησία)
615 1786 647 1839 et
669 1775 806 1840 fortasse
828 1767 1345 1863 πρυμνήσιος(ο1.πρνμνήτης),

248 1868 429 1966 βροτήσιος
457 1878 509 1961 (cf.
541 1878 591 1942 zd.
622 1883 782 1957 ο-ιαεειισρ
808 1876 897 1964 apud
918 1878 1071 1944 Fickinm
1103 1880 1137 1945 1³
1168 1882 1222 1967 13)
1253 1880 1342 1944 exitu

252 2000 357 2058 -ησιος
379 1983 425 2045 ita
447 1980 603 2046 instructa
627 1989 710 2062 sunt,
732 1989 768 2044 ut
791 1979 882 2067 stirpi
903 1981 938 2045 in
954 1981 1114 2049 dentalem
1129 1983 1256 2047 cadenti
1272 1980 1342 2045 suff.

253 2107 285 2149 ιο
309 2081 505 2171 applicatum
528 2084 578 2163 sit,
599 2107 617 2149 e
639 2105 775 2171 quorum
798 2083 949 2169 analogia
964 2098 1076 2172 postea
1090 2110 1147 2175 per
1162 2104 1263 2165 -ησιο-
1280 2085 1344 2150 suf·

251 2187 351 2252 fixum
375 2188 506 2252 nomina
528 2186 676 2254 derivata
698 2190 832 2277 primae,
855 2209 937 2275 quae
962 2189 1088 2268 dicitur,
1109 2187 1343 2268 declinationis,

251 2290 389 2377 denique
412 2291 548 2356 alIarum
573 2314 699 2379 quoqne
723 2293 870 2377 stirpium
893 2290 1034 2355 formata
1055 2302 1145 2369 sunt3
1168 2292 1214 2355 sic
1227 2284 1343 2375 βιοτή-

251 2414 337 2472 ισος,
359 2390 560 2479 μενετήσιος,
584 2396 769 2478 ἐπετήσιος,
794 2387 965 2473 ἱκετήσιος,
989 2386 1171 2481 ἡμερήσιος,
1194 2384 1343 2479 νυκτερή-

251 2516 339 2579 σιος,
368 2492 563 2582 ἀροτήσιος,
592 2490 757 2576 καλήσιος.
803 2496 1045 2562 substantivum
1067 2506 1176 2562 autem
1199 2495 1342 2561 eiusdem

254 2599 456 2665 formationis
485 2602 611 2665 videtur
639 2623 710 2666 esse
729 2595 861 2678 Ἀζησία
887 2600 1079 2685 (cognomen
1104 2598 1230 2665 Cereris
1258 2598 1346 2685 apud

252 2702 361 2791 δορὴ,
392 2704 472 2788 frag.
497 2703 585 2788 891),
612 2702 789 2769 secundum
812 2702 1013 2790 Hesychium
1036 2727 1056 2768 a
1077 2703 1177 2769 verbo
1199 2699 1345 2781 ιἰζαίνειν

249 2811 419 2888 ,‚torrere“‚
447 2805 516 2890 vel,
545 2809 728 2873 accuratius
758 2817 795 2872 ut
815 2807 979 2890 dicamus,
1011 2831 1032 2871 a
1054 2806 1257 2873 substantivo
1280 2797 1344 2883 ἅζα

250 2909 413 2989 ,εἰοοίἐεες
453 2911 550 2992 situs,
581 2910 722 2995 robigo“‚
751 2911 839 2997 apud
868 2920 949 2996 post.
978 2910 1123 2991 „fervor“
1154 2909 1342 2973 derivatum.

251 3009 327 3074 Alia
350 3011 507 3076 eiusmodi
529 3012 598 3100 Aly
619 3036 649 3100 p.
673 3016 716 3081 30
739 3014 946 3079 enumeravit.

337 3115 478 3193 πλησίος
512 3115 578 3184 dor.
611 3120 753 3192 πλατέος
785 3116 878 3201 (Ahr.
912 3117 947 3181 11
976 3118 1047 3200 60);
1081 3116 1134 3180 cui
1163 3114 1201 3179 G.
1232 3113 1345 3200 Meyer

252 3217 308 3303 (K.
334 3217 370 3281 Z.
392 3218 494 3282 XXII
517 3219 596 3305 486)
617 3228 786 3306 praeterea
807 3229 975 3306 comparat
997 3213 1263 3305 τειχεσιπλήτης.

335 3321 484 3387 Eandem
500 3322 724 3388 formationem
739 3322 874 3409 praebet
889 3323 1164 3389 o'cvocaliservata
1175 3319 1342 3408 κοράσιον.

335 3418 481 3510 μνάσιον
503 3425 661 3491 obscurae
684 3427 817 3510 originis
839 3436 896 3491 est

338 3526 421 3592 Cum
458 3516 655 3616 Ιοἰφροὸιίειος
692 3536 884 3609 „venereus“
923 3539 955 3595 et
988 3528 1172 3595 nominibus
1205 3526 1344 3614 propriis

244 3628 456 3719 Ἀφροδισία,
483 3628 695 3719 Ἀφροδισιάς
732 3633 986 3719 comparandum
1021 3643 1070 3697 est
1099 3632 1205 3697 boeot.
1230 3629 1344 3716 Ἀφρο-

253 3733 357 3808 ὃλτιος
380 3733 575 3818 (Beermann
598 3734 682 3802 stud.
704 3734 756 3801 IX
779 3738 842 3820 61).
931 3806 934 3811 ,

338 3840 418 3919 ἐπι,
446 3827 672 3919 περι-ναίσιος
697 3839 734 3903 ct
758 3861 831 3905 cum
854 3833 1078 3928 περι-ναύτιος
1100 3837 1212 3923 (Diod.
1236 3836 1314 3922 Sic.)

337 3933 519 4029 ιἰκηριὶσιος

338 4038 504 4129 ἐνιαύσιος
525 4041 595 4111 dor.
617 4037 782 4121 ἐνιαύτιος
803 4043 898 4132 (Ahr.
920 4041 955 4109 11
978 4045 1034 4131 60)

336 4138 497 4222 πλούσιος
520 4146 587 4211 dor.
610 4143 769 4224 πλούσιος
792 4147 900 4233 (ibid.)

335 4242 503 4326 densiores
524 4260 745 4337 comparatum
768 4274 841 4318 cum
863 4252 1046 4337 ἄσπασμα,
1067 4243 1264 4337 ἀσπασμός,
1286 4247 1344 4316 ἀσ-
