3256 4822
672 300 710 309 ..
756 218 881 327 (33¹-

316 431 463 516 perlecti:

316 526 444 617 λέλυσο,
467 529 598 600 ἐλέλοσο
621 527 782 622 (λέλυσαι)
805 545 862 603 cet.

318 634 440 702 Contra
463 659 602 724 semper:

317 742 399 828 conj.
418 762 523 826 praes.
547 740 632 830 ίστῄ,
657 740 752 828 τιθῇ,
774 739 855 825 διδῷ
877 751 936 806 oet.

315 855 380 932 opt.
400 866 505 931 praes.
528 846 648 924 ίσταῖο,
670 845 782 908 τιθοῖο
805 852 863 909 cet

317 949 383 1014 ind.
407 970 474 1015 eor.
496 950 597 1030 ἔθου,
618 948 727 1031 ἐπρίω,
751 942 862 1030 ἐδύνω,
885 950 1009 1014 ἐπίστω
1032 958 1092 1016 cet.

217 1049 723 1141 ¹crmjamrffir'idoieet.

318 1164 384 1241 opt
407 1148 473 1220 aor.
495 1154 583 1236 θεῖα,
607 1152 680 1218 doto
700 1162 759 1218 cet.

232 1270 264 1323 et
297 1280 409 1325 omnes
435 1258 558 1328 formae
579 1255 751 1322 verborum
776 1256 811 1320 in
839 1280 878 1321 -οι
908 1266 1035 1342 praeter
1064 1256 1129 1326 ind.
1158 1266 1191 1321 et
1211 1259 1322 1343 imper.

231 1361 322 1447 perf,
343 1362 469 1449 plusqu.
513 1359 644 1427 celiso.
976 1422 979 1427 ,
1423 1354 1425 1359 ⁴

314 1464 369 1528 Ad
392 1465 450 1528 has
472 1464 593 1528 formas
617 1485 657 1528 ex
679 1462 825 1528 dialectis
848 1463 950 1528 addo:

315 1569 425 1654 imper.
448 1568 551 1646 ὄνησο
574 1566 683 1653 (Hom.
708 1590 726 1630 τ
750 1567 804 1652 68)

315 1671 393 1754 (ind.
416 1663 534 1738 ὄνοσαι
556 1694 574 1756 ρ
597 1669 709 1754 378)*)

315 1767 449 1860 (ἐκρέμω
476 1773 503 1837 0
527 1774 583 1847 18;
606 1771 698 1858 21)*)

316 1886 421 1942 κεῖσαι
446 1877 478 1939 Τ
494 1876 560 1940 319
1329 1894 1333 1899 ·

232 1981 317 2068 apud
340 1979 570 2065 Epicharmum
597 1979 727 2064 (fragm.
759 1977 834 2062 121)
858 1976 1106 2064 Ahrensius(11
1133 1981 1213 2057 318;
1244 1981 1322 2065 349)

230 2085 323 2167 μῶσο
346 2082 469 2149 mavult
491 2103 586 2168 quam
610 2073 697 2162 μοίιο
720 2132 728 2161 ,
751 2080 838 2166 quod
862 2078 1028 2159 scribitur,
1052 2091 1164 2147 contra

316 2189 414 2274 ίπρία
456 2186 542 2273 apud
578 2183 694 2273 Epieh.
736 2184 777 2248 93
815 2184 906 2268 (Ahr.
948 2183 981 2249 II
1024 2186 1117 2271 318);
1156 2183 1322 2272 Aristoph.

316 2290 471 2376 (Acharn.
502 2288 579 2374 870)
601 2287 759 2353 Boeotum
782 2289 905 2372 πρίασο
926 2286 1110 2373 loquentem
1138 2287 1227 2372 facit,
1249 2311 1322 2353 cum

315 2395 498 2459 Atticorum
524 2392 711 2479 plerumque
735 2391 776 2455 sit
797 2391 892 2476 πρίω.
1204 2378 1206 2389 ’

315 2497 412 2583 Apud
428 2496 605 2562 Homerum
628 2496 808 2561 invenimus
832 2488 933 2560 δαίνυ’
959 2495 1032 2582 (pro
1047 2495 1178 2580 δαίνοο)
1193 2504 1321 2581 praeter

152 2686 155 2691 1
231 2601 386 2678 dalocum
410 2601 450 2668 cf.
472 2600 628 2664 δαίνυσαι
650 2608 681 2663 et
704 2607 819 2679 κεῖσαι,
844 2600 1036 2663 ἐπίστασαι.

315 2704 490 2769 Praeterea
517 2703 641 2768 formae
670 2701 863 2767 Homericae
893 2702 1011 2767 Atticis
1039 2700 1226 2788 plerumque
1255 2722 1321 2766 res·

228 2808 382 2894 pendent

315 2908 410 2974 Iones
422 2907 588 2975 dicebant:
601 2902 722 2987 δύνιαι,
732 2904 1072 2996 ἑπίστρ,οοι1(Αοαοτ.
1081 2905 1145 2971 VII
1159 2907 1213 2993 11)
1225 2901 1320 2997 driap3

317 3012 443 3076 Dorum
465 3009 584 3097 (Pind.)
607 3019 656 3076 est
676 3020 743 3074 tam
766 3009 889 3093 ἐπίστᾳ
910 3030 1006 3095 quam
1029 3010 1217 3075 ἐπίστασαι.

316 3115 415 3202 Apud
436 3114 629 3201 posteriores
650 3112 774 3177 formae
792 3131 865 3175 cum
881 3132 903 3176 σ
915 3112 1073 3178 formatae
1087 3113 1320 3199 frequentiores

229 3217 388 3302 leguntur,
404 3240 430 3283 e
445 3239 492 3304 gr.
506 3219 540 3282 in
552 3217 590 3283 N.
603 3217 638 3281 T.
651 3212 827 3301 καυχᾶσαι,
844 3204 1014 3297 eaodem,
1028 3211 1249 3296 ἀποξενοῦσαι
1259 3227 1320 3288 cet.
1410 3258 1415 3279 2
1504 3237 1507 3244 ·

313 3321 366 3386 Ex
388 3321 439 3388 his
462 3320 612 3388 omuibus
634 3317 713 3382 nihil
734 3316 823 3382 aliud
846 3340 961 3384 censeo
984 3318 1108 3405 colligi,
1137 3321 1201 3386 nisi
1222 3342 1243 3387 σ
1262 3318 1319 3385 ha-

227 3446 299 3488 rum
318 3425 494 3490 formarum
511 3447 575 3491 non
590 3447 608 3488 e
622 3420 735 3506 regula
749 3422 921 3510 phonetica
936 3434 1099 3490 servatum
1113 3444 1199 3506 essc;
1222 3446 1320 3509 quam
1425 3434 1428 3439 ’

229 3526 270 3590 ad
292 3528 482 3593 sententiam
505 3549 543 3592 eo
565 3526 767 3613 potissimum
786 3524 985 3611 adducimur,
1008 3526 1093 3614 quod
1109 3525 1239 3591 dialecti
1255 3548 1319 3591 non
1341 3598 1346 3605 ,
1373 3597 1378 3602 ,

229 3650 354 3716 semper
382 3630 466 3694 inter
496 3652 531 3694 se
560 3637 743 3714 congrth
772 3638 804 3693 et
832 3629 917 3714 quod
947 3630 982 3694 in
1013 3628 1148 3713 singulis
1174 3627 1319 3694 dialectis

229 3730 377 3796 diversae
401 3732 524 3797 formae
546 3731 744 3810 scribuntur3
772 3733 828 3798 vix
850 3734 933 3796 enim
950 3730 1090 3796 dubitari
1104 3738 1218 3817 potest,
1242 3732 1320 3817 quin

229 3834 376 3919 sigmatis
397 3834 486 3898 elisio
508 3832 543 3897 in
559 3832 757 3900 Graecorum
779 3834 891 3919 lingua
912 3834 1074 3899 communi
1094 3834 1181 3898 facta
1197 3843 1233 3899 et
1246 3857 1317 3923 per·

227 3936 314 4002 fecta
344 3939 392 4003 sit.
437 3938 576 4002 Formas
604 3937 702 4022 igitur
731 3959 865 4003 numero
893 3947 949 4003 aut
975 3932 1204 4025 perspicuitate
1224 3960 1317 4026 prae·

314 4180 344 4249 l)
363 4180 422 4233 Hae
451 4177 557 4233 formae
580 4179 693 4234 fortasse
717 4195 771 4233 non
789 4178 928 4248 vocalem,
954 4177 1001 4232 sed
1023 4192 1170 4233 consonam
1189 4181 1230 4250 (a)
1254 4182 1320 4233 ante

227 4265 450 4322 terminationem
468 4265 614 4319 habebant.
